<?xml version='1.0' encoding='UTF-8'?>
<collection xmlns='http://www.loc.gov/MARC21/slim' xmlns:xsi='http://www.w3.org/2001/XMLSchema-instance' xsi:schemaLocation='http://www.loc.gov/MARC21/slim http://www.loc.gov/standards/marcxml/schema/MARC21slim.xsd'>
<record xmlns='http://www.loc.gov/MARC21/slim'><leader>04917pam a2200589 i 4500</leader><controlfield tag='005'>20170826032512.0</controlfield><controlfield tag='008'>141117s2015    nyua     b    001 0 eng  </controlfield><controlfield tag='001'>991009537899703811</controlfield><datafield ind1=' ' ind2=' ' tag='010'><subfield code='a'>2014041000</subfield></datafield><datafield ind1=' ' ind2=' ' tag='020'><subfield code='a'>9781501306273 (paperback)</subfield></datafield><datafield ind1=' ' ind2=' ' tag='020'><subfield code='a'>1501306278 (paperback)</subfield></datafield><datafield ind1=' ' ind2=' ' tag='020'><subfield code='z'>9781501306297</subfield><subfield code='q'>ePDF</subfield></datafield><datafield ind1=' ' ind2=' ' tag='020'><subfield code='z'>9781501306280</subfield><subfield code='q'>ePub</subfield></datafield><datafield ind1=' ' ind2=' ' tag='035'><subfield code='a'>(PPT)b57742753-01tuli_inst</subfield></datafield><datafield ind1=' ' ind2=' ' tag='035'><subfield code='a'>(OCoLC)ocn907944449</subfield><subfield code='9'>ExL</subfield></datafield><datafield ind1=' ' ind2=' ' tag='035'><subfield code='a'>(OCoLC)897016361</subfield></datafield><datafield ind1=' ' ind2=' ' tag='035'><subfield code='a'>ocn897016361</subfield></datafield><datafield ind1=' ' ind2=' ' tag='035'><subfield code='a'>(OCLC)ocn897016361</subfield></datafield><datafield ind1=' ' ind2=' ' tag='040'><subfield code='a'>DLC</subfield><subfield code='b'>eng</subfield><subfield code='e'>rda</subfield><subfield code='c'>DLC</subfield><subfield code='d'>YDXCP</subfield><subfield code='d'>BTCTA</subfield><subfield code='d'>BDX</subfield><subfield code='d'>OCLCO</subfield><subfield code='d'>CDX</subfield><subfield code='d'>NYP</subfield></datafield><datafield ind1=' ' ind2=' ' tag='042'><subfield code='a'>pcc</subfield></datafield><datafield ind1=' ' ind2=' ' tag='043'><subfield code='a'>n-us---</subfield></datafield><datafield ind1=' ' ind2=' ' tag='079'><subfield code='a'>ocn897016361</subfield></datafield><datafield ind1=' ' ind2=' ' tag='090'><subfield code='a'>JK2261</subfield><subfield code='b'>.P643 2015</subfield></datafield><datafield ind1='0' ind2='0' tag='245'><subfield code='a'>Political polarization in American politics /</subfield><subfield code='c'>edited by Daniel J. Hopkins and John Sides.</subfield></datafield><datafield ind1=' ' ind2='1' tag='264'><subfield code='a'>New York :</subfield><subfield code='b'>Bloomsbury Academic, an imprint of Bloomsbury Publishing Inc,</subfield><subfield code='c'>2015.</subfield></datafield><datafield ind1=' ' ind2=' ' tag='300'><subfield code='a'>xv, 175 pages :</subfield><subfield code='b'>illustrations ;</subfield><subfield code='c'>17 cm</subfield></datafield><datafield ind1=' ' ind2=' ' tag='336'><subfield code='a'>text</subfield><subfield code='2'>rdacontent</subfield></datafield><datafield ind1=' ' ind2=' ' tag='337'><subfield code='a'>unmediated</subfield><subfield code='2'>rdamedia</subfield></datafield><datafield ind1=' ' ind2=' ' tag='338'><subfield code='a'>volume</subfield><subfield code='2'>rdacarrier</subfield></datafield><datafield ind1=' ' ind2=' ' tag='500'><subfield code='a'>&quot;The monkey cage&quot;--Cover.</subfield></datafield><datafield ind1=' ' ind2=' ' tag='504'><subfield code='a'>Includes bibliographical references and index.</subfield></datafield><datafield ind1='8' ind2=' ' tag='505'><subfield code='a'>Machine generated contents note: -- Preface -- Contributors -- 1. What we know and don&apos;t know about our polarized politics-Nolan McCarty -- How are we polarized? -- 2. Partisan warfare is the problem-Sean Theriault -- 3. How U.S. state legislatures are polarized and getting more polarized-Boris Shor -- 4. Our politics is polarized on more issues than ever before-Thomas Carsey and Geoffrey Layman -- 5. How politically moderate Americans? Less than it seems-Christopher Hare and Keith Poole -- 6. Americans aren&apos;t polarized, just better sorted-Morris Fiorina and Samuel Abrams -- 7. Are politicians and activists reliably &apos;more extreme&apos; than voters? A skeptical perspective- David Broockman -- 8. Party polarization is making us more prejudiced-Lilliana Mason -- 9. Politics stops at the water&apos;s edge? Not recently-Robert Lieber -- Why are we polarized? -- 10. The two key factors behind our polarized politics-Jeff Stonecash -- 11. American politics is more competitive than ever, and that&apos;s making partisanship worse-Frances Lee -- 12. How race and religion have polarized American voters-Alan Abramowitz -- 13. How ideological activists constructed our polarized parties-Hans Noel -- 14. How better educated whites are driving political polarization-Andrew Gelman -- 15. Are Fox and MSNBC polarizing America?-Matthew Levendusky -- 16. Why you shouldn&apos;t blame polarization on partisan news-Kevin Arceneaux -- 17. The media make us think we&apos;re more polarized than we really are-Matthew Levendusky and Neil Malhotra -- Polarization Abroad -- 18. Sure, Congress is polarized. But other legislatures are more so-David Brady -- 19. Canada is polarizing-and it&apos;s because of the parties-Richard Johnston -- 20. In Britain, polarization could be the solution-Rob Ford -- What Can Be Done? -- 21. Our politics may be polarized, but that&apos;s nothing new-David Brady and Hahrie Hahn -- 22. Polarization in Congress has risen sharply. Where is it going next?-Christopher Hare, Keith Poole, and Howard Rosenthal -- 23. Can young voters break the cycle of polarization?-Robert Shapiro -- 24. How to fix our polarized politics? Strengthen political parties-Richard Pildes -- 25. Our political parties are network, not fragmented-Seth Masket -- 26. Gridlock is bad. The alternative is worse-Morris Fiorina.</subfield></datafield><datafield ind1=' ' ind2=' ' tag='520'><subfield code='a'>&quot;Political Polarization in American Politics provides short, accessible chapters about the nature and extent of political polarization within the American public and in American political institutions. These chapters capture the central ideas and debates in political science research on polarization, and are written by leading scholars in this subfield. Each chapter is accompanied by discussion questions and a guide to further reading, making this a great addition to any course looking at issues of polarization&quot;--</subfield><subfield code='c'>Provided by publisher.</subfield></datafield><datafield ind1=' ' ind2='0' tag='650'><subfield code='a'>Divided government</subfield><subfield code='z'>United States.</subfield></datafield><datafield ind1=' ' ind2='0' tag='650'><subfield code='a'>Party affiliation</subfield><subfield code='z'>United States.</subfield></datafield><datafield ind1=' ' ind2='0' tag='650'><subfield code='a'>Political parties</subfield><subfield code='z'>United States.</subfield></datafield><datafield ind1=' ' ind2='0' tag='650'><subfield code='a'>Polarization (Social sciences)</subfield><subfield code='z'>United States.</subfield></datafield><datafield ind1=' ' ind2='0' tag='650'><subfield code='a'>Ideology</subfield><subfield code='z'>United States.</subfield></datafield><datafield ind1=' ' ind2='0' tag='650'><subfield code='a'>Political culture</subfield><subfield code='z'>United States.</subfield></datafield><datafield ind1=' ' ind2='0' tag='650'><subfield code='a'>Politics, Practical</subfield><subfield code='z'>United States.</subfield></datafield><datafield ind1=' ' ind2='0' tag='650'><subfield code='a'>Political participation</subfield><subfield code='z'>United States.</subfield></datafield><datafield ind1=' ' ind2='0' tag='650'><subfield code='a'>Voting</subfield><subfield code='z'>United States.</subfield></datafield><datafield ind1=' ' ind2='0' tag='651'><subfield code='a'>United States</subfield><subfield code='x'>Politics and government.</subfield></datafield><datafield ind1='1' ind2=' ' tag='700'><subfield code='a'>Sides, John,</subfield><subfield code='e'>editor.</subfield></datafield><datafield ind1='1' ind2=' ' tag='700'><subfield code='a'>Hopkins, Daniel J.,</subfield><subfield code='e'>editor.</subfield></datafield><datafield ind1='4' ind2='2' tag='856'><subfield code='3'>Cover image</subfield><subfield code='u'>http://www.netread.com/jcusers2/bk1388/273/9781501306273/image/lgcover.9781501306273.jpg</subfield></datafield><datafield ind1=' ' ind2=' ' tag='902'><subfield code='a'>170118</subfield></datafield><datafield ind1=' ' ind2=' ' tag='907'><subfield code='a'>.b57742753</subfield><subfield code='b'>p    </subfield><subfield code='c'>-</subfield></datafield><datafield ind1=' ' ind2=' ' tag='945'><subfield code='l'>pstk </subfield><subfield code='g'>1</subfield></datafield><datafield ind1=' ' ind2=' ' tag='979'><subfield code='a'>ocn897016361</subfield></datafield><datafield ind1=' ' ind2=' ' tag='998'><subfield code='b'>1</subfield><subfield code='c'>150410</subfield><subfield code='d'>m</subfield><subfield code='e'>a</subfield><subfield code='f'>-</subfield><subfield code='g'>0</subfield></datafield><datafield ind1=' ' ind2=' ' tag='998'><subfield code='b'>1</subfield><subfield code='c'>150410</subfield><subfield code='d'>m</subfield><subfield code='e'>a</subfield><subfield code='f'>-</subfield><subfield code='g'>0</subfield></datafield><datafield ind1=' ' ind2=' ' tag='ADM'><subfield code='b'>2017-08-26 07:25:12</subfield><subfield code='e'>b57742753-01tuli_inst</subfield><subfield code='d'>ILS</subfield><subfield code='a'>2017-06-20 06:50:37</subfield><subfield code='c'>false</subfield></datafield><datafield ind1='0' ind2=' ' tag='HLD'><subfield code='b'>MAIN</subfield><subfield code='c'>stacks</subfield><subfield code='h'>JK2261</subfield><subfield code='i'>.P643 2015</subfield><subfield code='8'>22255769040003811</subfield></datafield><datafield ind1=' ' ind2=' ' tag='ITM'><subfield code='r'>22255769040003811</subfield><subfield code='b'>1</subfield><subfield code='h'>0</subfield><subfield code='g'>stacks</subfield><subfield code='t'>BOOK</subfield><subfield code='9'>39074028763001</subfield><subfield code='e'>stacks</subfield><subfield code='8'>23255769030003811</subfield><subfield code='a'>0</subfield><subfield code='q'>2017-06-20 06:50:37</subfield><subfield code='i'>JK2261 .P643 2015</subfield><subfield code='d'>MAIN</subfield><subfield code='f'>MAIN</subfield></datafield></record>