
<record xmlns='http://www.loc.gov/MARC21/slim'><leader>03497cam a2200505 i 4500</leader><controlfield tag='005'>20170825183007.0</controlfield><controlfield tag='008'>150914s2015    miua     b    001 0 eng  </controlfield><controlfield tag='001'>991020291669703811</controlfield><datafield ind1=' ' ind2=' ' tag='010'><subfield code='a'>2015025150</subfield></datafield><datafield ind1=' ' ind2=' ' tag='020'><subfield code='a'>9780472072996</subfield><subfield code='q'>(hardcover ;</subfield><subfield code='q'>alk. paper)</subfield></datafield><datafield ind1=' ' ind2=' ' tag='020'><subfield code='a'>0472072994</subfield><subfield code='q'>(hardcover ;</subfield><subfield code='q'>alk. paper)</subfield></datafield><datafield ind1=' ' ind2=' ' tag='020'><subfield code='a'>9780472052998</subfield><subfield code='q'>(pbk. ;</subfield><subfield code='q'>alk. paper)</subfield></datafield><datafield ind1=' ' ind2=' ' tag='020'><subfield code='a'>0472052993</subfield><subfield code='q'>(pbk. ;</subfield><subfield code='q'>alk. paper)</subfield></datafield><datafield ind1=' ' ind2=' ' tag='020'><subfield code='a'>9780472121601</subfield><subfield code='q'>(ebook)</subfield></datafield><datafield ind1=' ' ind2=' ' tag='020'><subfield code='a'>047212160X</subfield><subfield code='q'>(ebook)</subfield></datafield><datafield ind1=' ' ind2=' ' tag='035'><subfield code='a'>(PPT)b60817641-01tuli_inst</subfield></datafield><datafield ind1=' ' ind2=' ' tag='035'><subfield code='a'>(OCoLC)922836022</subfield></datafield><datafield ind1=' ' ind2=' ' tag='035'><subfield code='a'>ocn922836022</subfield></datafield><datafield ind1=' ' ind2=' ' tag='035'><subfield code='a'>(OCLC)ocn922836022</subfield></datafield><datafield ind1=' ' ind2=' ' tag='040'><subfield code='a'>DLC</subfield><subfield code='b'>eng</subfield><subfield code='e'>rda</subfield><subfield code='c'>DLC</subfield><subfield code='d'>BDX</subfield><subfield code='d'>YDXCP</subfield><subfield code='d'>BTCTA</subfield><subfield code='d'>OCLCF</subfield><subfield code='d'>BUF</subfield><subfield code='d'>OCLCO</subfield><subfield code='d'>OCLCQ</subfield><subfield code='d'>CDX</subfield></datafield><datafield ind1=' ' ind2=' ' tag='042'><subfield code='a'>pcc</subfield></datafield><datafield ind1=' ' ind2=' ' tag='079'><subfield code='a'>ocn922836022</subfield></datafield><datafield ind1=' ' ind2=' ' tag='090'><subfield code='a'>JK1991</subfield><subfield code='b'>.L28 2015</subfield></datafield><datafield ind1='1' ind2=' ' tag='100'><subfield code='a'>La Raja, Raymond J.,</subfield><subfield code='d'>1965-</subfield><subfield code='e'>author.</subfield></datafield><datafield ind1='1' ind2='0' tag='245'><subfield code='a'>Campaign finance and political polarization :</subfield><subfield code='b'>when purists prevail /</subfield><subfield code='c'>Raymond J. La Raja and Brian F. Schaffner.</subfield></datafield><datafield ind1=' ' ind2='1' tag='264'><subfield code='a'>Ann Arbor :</subfield><subfield code='b'>University of Michigan Press,</subfield><subfield code='c'>2015.</subfield></datafield><datafield ind1=' ' ind2=' ' tag='300'><subfield code='a'>xvi, 192 pages :</subfield><subfield code='b'>illustrations ;</subfield><subfield code='c'>23 cm</subfield></datafield><datafield ind1=' ' ind2=' ' tag='336'><subfield code='a'>text</subfield><subfield code='b'>txt</subfield><subfield code='2'>rdacontent</subfield></datafield><datafield ind1=' ' ind2=' ' tag='337'><subfield code='a'>unmediated</subfield><subfield code='b'>n</subfield><subfield code='2'>rdamedia</subfield></datafield><datafield ind1=' ' ind2=' ' tag='338'><subfield code='a'>volume</subfield><subfield code='b'>nc</subfield><subfield code='2'>rdacarrier</subfield></datafield><datafield ind1=' ' ind2=' ' tag='504'><subfield code='a'>Includes bibliographical references and index.</subfield></datafield><datafield ind1='0' ind2=' ' tag='505'><subfield code='a'>Campaign finance laws, purists, and pragmatists : who benefits? -- The ideological wellsprings of campaign money -- Who gets campaign money and why rules matter -- Ideological polarization in state legislatures -- The hydraulics of campaign money -- The future of reform : build canals, not dams.</subfield></datafield><datafield ind1=' ' ind2=' ' tag='520'><subfield code='a'>&quot;Efforts to reform the U.S. campaign finance system typically focus on the corrupting influence of large contributions. Yet, as Raymond J. La Raja and Brian F. Schaffner argue, reforms aimed at cutting the flow of money into politics have unintentionally favored candidates with extreme ideological agendas and, consequently, fostered political polarization. Drawing on data from 50 states and the U.S. Congress over 20 years, La Raja and Schaffner reveal that current rules allow wealthy ideological groups and donors to dominate the financing of political campaigns. In order to attract funding, candidates take uncompromising positions on key issues and, if elected, take their partisan views into the legislature. As a remedy, the authors propose that additional campaign money be channeled through party organizations - rather than directly to candidates - because these organizations tend to be less ideological than the activists who now provide the lion&apos;s share of money to political candidates. Shifting campaign finance to parties would ease polarization by reducing the influence of &apos;purist&apos; donors with their rigid policy stances. La Raja and Schaffner conclude the book with policy recommendations for campaign finance in the United States. They are among the few non-libertarians who argue that less regulation, particularly for political parties, may in fact improve the democratic process.&quot;--Publisher description.</subfield></datafield><datafield ind1=' ' ind2='0' tag='650'><subfield code='a'>Campaign funds.</subfield></datafield><datafield ind1=' ' ind2='0' tag='650'><subfield code='a'>Polarization (Social sciences)</subfield></datafield><datafield ind1=' ' ind2='7' tag='650'><subfield code='a'>Campaign funds.</subfield><subfield code='2'>fast</subfield><subfield code='0'>(OCoLC)fst00844844</subfield></datafield><datafield ind1=' ' ind2='7' tag='650'><subfield code='a'>Polarization (Social sciences)</subfield><subfield code='2'>fast</subfield><subfield code='0'>(OCoLC)fst01068309</subfield></datafield><datafield ind1='1' ind2=' ' tag='700'><subfield code='a'>Schaffner, Brian F.</subfield><subfield code='q'>(Brian Frederick),</subfield><subfield code='e'>author.</subfield></datafield><datafield ind1=' ' ind2=' ' tag='902'><subfield code='a'>160509</subfield></datafield><datafield ind1=' ' ind2=' ' tag='907'><subfield code='a'>.b60817641</subfield><subfield code='b'>multi</subfield><subfield code='c'>-</subfield></datafield><datafield ind1=' ' ind2=' ' tag='945'><subfield code='l'>jtcas</subfield><subfield code='g'>1</subfield></datafield><datafield ind1=' ' ind2=' ' tag='945'><subfield code='l'>pstk </subfield><subfield code='g'>1</subfield></datafield><datafield ind1=' ' ind2=' ' tag='979'><subfield code='a'>ocn922836022</subfield></datafield><datafield ind1=' ' ind2=' ' tag='998'><subfield code='b'>3</subfield><subfield code='c'>160212</subfield><subfield code='d'>m</subfield><subfield code='e'>a</subfield><subfield code='f'>-</subfield><subfield code='g'>0</subfield></datafield><datafield ind1=' ' ind2=' ' tag='998'><subfield code='b'>1</subfield><subfield code='c'>160212</subfield><subfield code='d'>m</subfield><subfield code='e'>a</subfield><subfield code='f'>-</subfield><subfield code='g'>0</subfield></datafield><datafield ind1=' ' ind2=' ' tag='ADM'><subfield code='b'>2018-03-15 23:08:42</subfield><subfield code='e'>b60817641-01tuli_inst</subfield><subfield code='d'>ILS</subfield><subfield code='a'>2017-06-20 09:30:44</subfield><subfield code='c'>false</subfield></datafield><datafield ind1='0' ind2=' ' tag='HLD'><subfield code='b'>JAPAN</subfield><subfield code='c'>stacks</subfield><subfield code='h'>JK1991</subfield><subfield code='i'>.L28 2015</subfield><subfield code='8'>22294592710003811</subfield></datafield><datafield ind1='0' ind2=' ' tag='HLD'><subfield code='b'>MAIN</subfield><subfield code='c'>stacks</subfield><subfield code='h'>JK1991</subfield><subfield code='i'>.L28 2015</subfield><subfield code='8'>22294592740003811</subfield></datafield><datafield ind1=' ' ind2=' ' tag='ITM'><subfield code='r'>22294592710003811</subfield><subfield code='b'>1</subfield><subfield code='h'>0</subfield><subfield code='g'>stacks</subfield><subfield code='t'>BOOK</subfield><subfield code='9'>31982020087732</subfield><subfield code='e'>stacks</subfield><subfield code='8'>23294592700003811</subfield><subfield code='a'>0</subfield><subfield code='q'>2017-06-20 09:30:44</subfield><subfield code='i'>JK1991 .L28 2015</subfield><subfield code='d'>JAPAN</subfield><subfield code='f'>JAPAN</subfield></datafield><datafield ind1=' ' ind2=' ' tag='ITM'><subfield code='r'>22294592740003811</subfield><subfield code='b'>1</subfield><subfield code='h'>0</subfield><subfield code='g'>stacks</subfield><subfield code='t'>BOOK</subfield><subfield code='9'>39074028861888</subfield><subfield code='e'>stacks</subfield><subfield code='8'>23294592730003811</subfield><subfield code='a'>0</subfield><subfield code='q'>2017-06-20 09:30:44</subfield><subfield code='i'>JK1991 .L28 2015</subfield><subfield code='d'>MAIN</subfield><subfield code='f'>MAIN</subfield></datafield></record>