
<record xmlns='http://www.loc.gov/MARC21/slim'><leader>02313nam  2200565 i 4500</leader><controlfield tag='006'>m     o  d |      </controlfield><controlfield tag='007'>cr cnu||||||||</controlfield><controlfield tag='008'>160218t20162016nyua    ob    001 0 eng d</controlfield><controlfield tag='001'>991036849554503811</controlfield><datafield ind1=' ' ind2=' ' tag='020'><subfield code='a'>9781138810631</subfield></datafield><datafield ind1=' ' ind2=' ' tag='020'><subfield code='a'>9781138810648</subfield></datafield><datafield ind1=' ' ind2=' ' tag='020'><subfield code='a'>9781315644387 (e-book)</subfield></datafield><datafield ind1=' ' ind2=' ' tag='020'><subfield code='a'>9781317288848 (Proquest Ebook Central)</subfield></datafield><datafield ind1=' ' ind2=' ' tag='020'><subfield code='a'>131728884X</subfield></datafield><datafield ind1=' ' ind2=' ' tag='020'><subfield code='a'>9781317288848</subfield></datafield><datafield ind1=' ' ind2=' ' tag='035'><subfield code='a'>(MiAaPQ)EBC4391959</subfield></datafield><datafield ind1=' ' ind2=' ' tag='035'><subfield code='a'>(OCoLC)937722786</subfield></datafield><datafield ind1=' ' ind2=' ' tag='035'><subfield code='a'>(CaONFJC)EBC4391959</subfield></datafield><datafield ind1=' ' ind2=' ' tag='037'><subfield code='a'>4391959</subfield><subfield code='b'>Proquest Ebook Central</subfield></datafield><datafield ind1=' ' ind2=' ' tag='040'><subfield code='a'>CaONFJC</subfield><subfield code='e'>rda</subfield><subfield code='c'>CaONFJC</subfield></datafield><datafield ind1=' ' ind2=' ' tag='043'><subfield code='a'>n-us---</subfield></datafield><datafield ind1=' ' ind2='4' tag='050'><subfield code='a'>JK2261</subfield><subfield code='b'>.S635 2016</subfield></datafield><datafield ind1='0' ind2=' ' tag='082'><subfield code='a'>324.01/9</subfield><subfield code='2'>23</subfield></datafield><datafield ind1='0' ind2='0' tag='245'><subfield code='a'>Social psychology of political polarization /</subfield><subfield code='c'>edited by Piercarlo Valdesolo and Jesse Graham ; contributors, Stephanie M. Anglin [and twenty others].</subfield></datafield><datafield ind1=' ' ind2='1' tag='264'><subfield code='a'>New York, New York ;</subfield><subfield code='a'>London, England :</subfield><subfield code='b'>Routledge,</subfield><subfield code='c'>2016.</subfield></datafield><datafield ind1=' ' ind2='4' tag='264'><subfield code='c'>©2016</subfield></datafield><datafield ind1=' ' ind2=' ' tag='300'><subfield code='a'>1 online resource (198 pages) :</subfield><subfield code='b'>illustrations, tables.</subfield></datafield><datafield ind1=' ' ind2=' ' tag='336'><subfield code='a'>text</subfield><subfield code='b'>txt</subfield><subfield code='2'>rdacontent</subfield></datafield><datafield ind1=' ' ind2=' ' tag='337'><subfield code='a'>computer</subfield><subfield code='b'>c</subfield><subfield code='2'>rdamedia</subfield></datafield><datafield ind1=' ' ind2=' ' tag='338'><subfield code='a'>online resource</subfield><subfield code='b'>cr</subfield><subfield code='2'>rdacarrier</subfield></datafield><datafield ind1='0' ind2=' ' tag='490'><subfield code='a'>Claremont Symposium on Applied Social Psychology Series</subfield></datafield><datafield ind1=' ' ind2=' ' tag='504'><subfield code='a'>Includes bibliographical references at the end of each chapters and index.</subfield></datafield><datafield ind1=' ' ind2=' ' tag='588'><subfield code='a'>Description based on print version record.</subfield></datafield><datafield ind1=' ' ind2='0' tag='650'><subfield code='a'>Divided government</subfield><subfield code='z'>United States.</subfield></datafield><datafield ind1=' ' ind2='0' tag='650'><subfield code='a'>Political parties</subfield><subfield code='z'>United States.</subfield></datafield><datafield ind1=' ' ind2='0' tag='650'><subfield code='a'>Political culture</subfield><subfield code='z'>United States.</subfield></datafield><datafield ind1=' ' ind2='0' tag='650'><subfield code='a'>Political psychology.</subfield></datafield><datafield ind1=' ' ind2='0' tag='650'><subfield code='a'>Social psychology.</subfield></datafield><datafield ind1=' ' ind2='0' tag='651'><subfield code='a'>United States</subfield><subfield code='x'>Politics and government.</subfield></datafield><datafield ind1='1' ind2=' ' tag='700'><subfield code='a'>Valdesolo, Piercarlo,</subfield><subfield code='e'>editor.</subfield></datafield><datafield ind1='1' ind2=' ' tag='700'><subfield code='a'>Graham, Jesse,</subfield><subfield code='e'>editor.</subfield></datafield><datafield ind1='1' ind2=' ' tag='700'><subfield code='a'>Anglin, Stephanie M.,</subfield><subfield code='e'>contributor.</subfield></datafield><datafield ind1='2' ind2=' ' tag='710'><subfield code='a'>Ebook Central</subfield></datafield><datafield ind1='0' ind2='8' tag='776'><subfield code='i'>Print version:</subfield><subfield code='t'>Social psychology of political polarization.</subfield><subfield code='d'>New York, New York ; London, England : Routledge, c2016 </subfield><subfield code='h'>198 pages </subfield><subfield code='k'>Claremont symposium on applied social psychology (Series)</subfield><subfield code='z'>9781138810631 </subfield><subfield code='w'>2015029999</subfield></datafield><datafield ind1='2' ind2=' ' tag='797'><subfield code='a'>ProQuest (Firm)</subfield></datafield><datafield ind1='4' ind2='0' tag='856'><subfield code='u'>http://ebookcentral.proquest.com/lib/templeuniv-ebooks/detail.action?docID=4391959</subfield></datafield><datafield ind1=' ' ind2='1' tag='945'><subfield code='l'>w</subfield><subfield code='a'>JK2261</subfield><subfield code='b'>.S635 2016</subfield><subfield code='s'>e</subfield><subfield code='t'>29</subfield><subfield code='z'>090</subfield></datafield><datafield ind1=' ' ind2=' ' tag='979'><subfield code='a'>EBC4391959</subfield></datafield><datafield ind1=' ' ind2=' ' tag='980'><subfield code='b'>&lt;listprice100.0+0&gt;</subfield><subfield code='e'>&lt;netprice100.0+0&gt;</subfield><subfield code='f'>I</subfield><subfield code='g'>1</subfield></datafield><datafield ind1=' ' ind2=' ' tag='981'><subfield code='a'>Coutts</subfield><subfield code='b'>ctpdf</subfield><subfield code='c'>w</subfield><subfield code='d'>33699478</subfield><subfield code='e'>SLI</subfield></datafield><datafield ind1=' ' ind2=' ' tag='ADM'><subfield code='b'>2017-11-30 17:57:35</subfield><subfield code='e'>EBC4391959</subfield><subfield code='d'>COUTTS</subfield><subfield code='a'>2017-11-30 17:57:39</subfield><subfield code='c'>false</subfield></datafield><datafield ind1=' ' ind2=' ' tag='PRT'><subfield code='a'>53403824450003811</subfield><subfield code='b'>https://sandbox01-na.alma.exlibrisgroup.com/view/uresolver/01TULI_INST/openurl?u.ignore_date_coverage=true&amp;rft.mms_id=991036849554503811</subfield><subfield code='9'>Available</subfield><subfield code='c'>Ebook Central</subfield><subfield code='8'>53403824450003811</subfield></datafield></record>