
<record xmlns='http://www.loc.gov/MARC21/slim'><leader>03928cam a2200493 i 4500</leader><controlfield tag='005'>20180315121328.0</controlfield><controlfield tag='008'>141114s2015    nyub     b    001 0 eng  </controlfield><controlfield tag='001'>991010670569703811</controlfield><datafield ind1=' ' ind2=' ' tag='010'><subfield code='a'>2014035265</subfield></datafield><datafield ind1=' ' ind2=' ' tag='020'><subfield code='a'>9781107087118 (hardback)</subfield></datafield><datafield ind1=' ' ind2=' ' tag='020'><subfield code='a'>1107087112 (hardback)</subfield></datafield><datafield ind1=' ' ind2=' ' tag='020'><subfield code='a'>1107451914</subfield></datafield><datafield ind1=' ' ind2=' ' tag='020'><subfield code='a'>9781107451919</subfield></datafield><datafield ind1=' ' ind2=' ' tag='035'><subfield code='a'>(PPT)b58086560-01tuli_inst</subfield></datafield><datafield ind1=' ' ind2=' ' tag='035'><subfield code='a'>(OCoLC)ocn914330629</subfield><subfield code='9'>ExL</subfield></datafield><datafield ind1=' ' ind2=' ' tag='035'><subfield code='a'>(OCoLC)894539861</subfield></datafield><datafield ind1=' ' ind2=' ' tag='035'><subfield code='a'>ocn894539861</subfield></datafield><datafield ind1=' ' ind2=' ' tag='035'><subfield code='a'>(OCLC)ocn894539861</subfield></datafield><datafield ind1=' ' ind2=' ' tag='040'><subfield code='a'>DLC</subfield><subfield code='b'>eng</subfield><subfield code='e'>rda</subfield><subfield code='c'>DLC</subfield><subfield code='d'>YDXCP</subfield><subfield code='d'>BTCTA</subfield><subfield code='d'>OCLCO</subfield><subfield code='d'>OCLCF</subfield><subfield code='d'>CGU</subfield><subfield code='d'>CDX</subfield><subfield code='d'>OCL</subfield><subfield code='d'>STF</subfield><subfield code='d'>LRL</subfield></datafield><datafield ind1=' ' ind2=' ' tag='042'><subfield code='a'>pcc</subfield></datafield><datafield ind1=' ' ind2=' ' tag='043'><subfield code='a'>n-us---</subfield></datafield><datafield ind1='0' ind2='0' tag='050'><subfield code='a'>JK1726</subfield></datafield><datafield ind1=' ' ind2=' ' tag='079'><subfield code='a'>ocn894539861</subfield></datafield><datafield ind1=' ' ind2=' ' tag='090'><subfield code='a'>JK1726</subfield><subfield code='b'>.S66 2015</subfield></datafield><datafield ind1='0' ind2='0' tag='245'><subfield code='a'>Solutions to political polarization in America /</subfield><subfield code='c'>edited by Nathaniel Persily.</subfield></datafield><datafield ind1=' ' ind2='1' tag='264'><subfield code='a'>New York, NY :</subfield><subfield code='b'>Cambridge University Press,</subfield><subfield code='c'>2015.</subfield></datafield><datafield ind1=' ' ind2=' ' tag='300'><subfield code='a'>xi, 304 pages :</subfield><subfield code='b'>illustrations ;</subfield><subfield code='c'>23 cm</subfield></datafield><datafield ind1=' ' ind2=' ' tag='336'><subfield code='a'>text</subfield><subfield code='2'>rdacontent</subfield></datafield><datafield ind1=' ' ind2=' ' tag='337'><subfield code='a'>unmediated</subfield><subfield code='2'>rdamedia</subfield></datafield><datafield ind1=' ' ind2=' ' tag='338'><subfield code='a'>volume</subfield><subfield code='2'>rdacarrier</subfield></datafield><datafield ind1=' ' ind2=' ' tag='520'><subfield code='a'>&quot;This volume assembles several of the nation&apos;s top analysts of polarization in American politics. However, unlike the many other volumes written on this subject, this book focuses on solutions to polarization. As such, it necessarily takes these authors, who more often analyze causes and consequences than propose remedies, out of their comfort zone. Debunking conventional wisdom and warning of unintended consequences tend to be more valuable coins in the realm of political science. The professional risks usually exceed the rewards of sticking out one&apos;s neck to suggest, with admittedly incomplete information, reforms that might address the most serious policy challenges of the day. We are, therefore, very thankful for the Hewlett Foundation, which helped alter the cost-benefit calculus and support a conference that produced the papers for this volume&quot;--</subfield><subfield code='c'>Provided by publisher.</subfield></datafield><datafield ind1=' ' ind2=' ' tag='504'><subfield code='a'>Includes bibliographical references and index.</subfield></datafield><datafield ind1='0' ind2=' ' tag='505'><subfield code='a'>Introduction / Nathaniel Persily -- Causes and consequences of polarization / Michael J. Barber and Nolan McCarty -- Confronting asymmetric polarization / Jacob S. Hacker and Paul Pierson -- Polarization and democratization / Arend Lijphart -- Eroding the electoral foundations of partisan polarization / Gary C. Jacobson -- Solutions to polarization / Elaine C. Kamarck -- Geography and gridlock in the United States / Jonathan Rodden -- Stronger parties as the solution to polarization / Nathaniel Persily -- Reducing polarization by making parties stronger / Nolan McCarty -- Focus on political fragmentation, not polarization: re-empower party leadership / Richard H. Pildes -- Two approaches to lessening the effects of partisanship / Bruce Cain -- Data science for the people / Adam Bonica -- Using mobilization, media, and motivation to curb political polarization / Markus Prior and Natalie Jomini Stroud -- Beyond confrontation and gridlock: making democracy work for the American people / Alan I. Abramowitz -- American political parties: exceptional no more / David Karol -- Partisan polarization and the Senate syndrome / Steven S. Smith -- Finding the center: empowering the latent majority / Russell Muirhead -- Making deals in Congress / Sarah A. Binder and Frances E. Lee -- Helping Congress negotiate / Jane Mansbridge -- Staying private / George C. Edwards, III.</subfield></datafield><datafield ind1=' ' ind2='0' tag='650'><subfield code='a'>Polarization (Social sciences)</subfield><subfield code='z'>United States.</subfield></datafield><datafield ind1=' ' ind2='0' tag='650'><subfield code='a'>Social conflict</subfield><subfield code='z'>United States.</subfield></datafield><datafield ind1=' ' ind2='0' tag='650'><subfield code='a'>Right and left (Political science)</subfield><subfield code='z'>United States.</subfield></datafield><datafield ind1=' ' ind2='0' tag='651'><subfield code='a'>United States</subfield><subfield code='x'>Politics and government.</subfield></datafield><datafield ind1='1' ind2=' ' tag='700'><subfield code='a'>Persily, Nathaniel,</subfield><subfield code='e'>editor.</subfield></datafield><datafield ind1='4' ind2='2' tag='856'><subfield code='3'>Cover image</subfield><subfield code='u'>http://assets.cambridge.org/97811070/87118/cover/9781107087118.jpg</subfield></datafield><datafield ind1=' ' ind2=' ' tag='907'><subfield code='a'>.b58086560</subfield><subfield code='b'>p    </subfield><subfield code='c'>-</subfield></datafield><datafield ind1=' ' ind2=' ' tag='945'><subfield code='l'>pstk </subfield><subfield code='g'>1</subfield></datafield><datafield ind1=' ' ind2=' ' tag='979'><subfield code='a'>ocn894539861</subfield></datafield><datafield ind1=' ' ind2=' ' tag='998'><subfield code='b'>1</subfield><subfield code='c'>150709</subfield><subfield code='d'>m</subfield><subfield code='e'>a</subfield><subfield code='f'>-</subfield><subfield code='g'>0</subfield></datafield><datafield ind1=' ' ind2=' ' tag='998'><subfield code='a'>07/09/15</subfield><subfield code='s'>OCLC</subfield><subfield code='c'>YL</subfield></datafield><datafield ind1=' ' ind2=' ' tag='ADM'><subfield code='b'>2018-03-15 16:13:28</subfield><subfield code='e'>b58086560-01tuli_inst</subfield><subfield code='d'>ILS</subfield><subfield code='a'>2017-06-20 09:57:59</subfield><subfield code='c'>false</subfield></datafield><datafield ind1='0' ind2=' ' tag='HLD'><subfield code='b'>MAIN</subfield><subfield code='c'>stacks</subfield><subfield code='h'>JK1726</subfield><subfield code='i'>.S66 2015</subfield><subfield code='8'>22298682340003811</subfield></datafield><datafield ind1=' ' ind2=' ' tag='ITM'><subfield code='r'>22298682340003811</subfield><subfield code='b'>0</subfield><subfield code='u'>LOAN</subfield><subfield code='h'>0</subfield><subfield code='g'>stacks</subfield><subfield code='t'>BOOK</subfield><subfield code='9'>39074028796407</subfield><subfield code='e'>stacks</subfield><subfield code='8'>23298682330003811</subfield><subfield code='a'>0</subfield><subfield code='q'>2017-06-20 09:57:59</subfield><subfield code='i'>JK1726 .S66 2015</subfield><subfield code='d'>MAIN</subfield><subfield code='f'>MAIN</subfield></datafield></record>