
<record xmlns='http://www.loc.gov/MARC21/slim'><leader>03297nam a22004815i 4500</leader><controlfield tag='001'>991036801860603811</controlfield><controlfield tag='005'>20170925231814.0</controlfield><controlfield tag='006'>m     o  d |      </controlfield><controlfield tag='007'>cr nn 008mamaa</controlfield><controlfield tag='008'>160627s2016    xxk|    o    |||| 0|eng d</controlfield><datafield ind1=' ' ind2=' ' tag='020'><subfield code='a'>1-137-51727-1</subfield></datafield><datafield ind1='7' ind2=' ' tag='024'><subfield code='a'>10.1057/978-1-137-51727-2</subfield><subfield code='2'>doi</subfield></datafield><datafield ind1=' ' ind2=' ' tag='035'><subfield code='a'>(CKB)3710000000735215</subfield></datafield><datafield ind1=' ' ind2=' ' tag='035'><subfield code='a'>(DE-He213)978-1-137-51727-2</subfield></datafield><datafield ind1=' ' ind2=' ' tag='035'><subfield code='a'>(MiAaPQ)EBC4720620</subfield></datafield><datafield ind1=' ' ind2=' ' tag='035'><subfield code='a'>(EXLCZ)993710000000735215</subfield></datafield><datafield ind1=' ' ind2=' ' tag='040'><subfield code='a'>MiAaPQ</subfield><subfield code='b'>eng</subfield><subfield code='e'>rda</subfield><subfield code='e'>pn</subfield><subfield code='c'>MiAaPQ</subfield><subfield code='d'>MiAaPQ</subfield></datafield><datafield ind1=' ' ind2='4' tag='050'><subfield code='a'>JN26-JN50</subfield></datafield><datafield ind1=' ' ind2='7' tag='072'><subfield code='a'>JP</subfield><subfield code='2'>bicssc</subfield></datafield><datafield ind1=' ' ind2='7' tag='072'><subfield code='a'>1QFE</subfield><subfield code='2'>bicssc</subfield></datafield><datafield ind1=' ' ind2='7' tag='072'><subfield code='a'>POL058000</subfield><subfield code='2'>bisacsh</subfield></datafield><datafield ind1='0' ind2='4' tag='082'><subfield code='a'>320.94</subfield><subfield code='2'>23</subfield></datafield><datafield ind1='1' ind2=' ' tag='100'><subfield code='a'>Wendler, Frank.</subfield><subfield code='e'>author.</subfield></datafield><datafield ind1='1' ind2='0' tag='245'><subfield code='a'>Debating Europe in National Parliaments</subfield><subfield code='h'>[electronic resource] :</subfield><subfield code='b'>Public Justification and Political Polarization /</subfield><subfield code='c'>by Frank Wendler.</subfield></datafield><datafield ind1=' ' ind2='1' tag='264'><subfield code='a'>London :</subfield><subfield code='b'>Palgrave Macmillan UK :</subfield><subfield code='b'>Imprint: Palgrave Macmillan,</subfield><subfield code='c'>2016.</subfield></datafield><datafield ind1=' ' ind2=' ' tag='300'><subfield code='a'>1 online resource (IX, 268 p. 13 illus., 8 illus. in color.) </subfield></datafield><datafield ind1=' ' ind2=' ' tag='336'><subfield code='a'>text</subfield><subfield code='b'>txt</subfield><subfield code='2'>rdacontent</subfield></datafield><datafield ind1=' ' ind2=' ' tag='337'><subfield code='a'>computer</subfield><subfield code='b'>c</subfield><subfield code='2'>rdamedia</subfield></datafield><datafield ind1=' ' ind2=' ' tag='338'><subfield code='a'>online resource</subfield><subfield code='b'>cr</subfield><subfield code='2'>rdacarrier</subfield></datafield><datafield ind1=' ' ind2=' ' tag='347'><subfield code='a'>text file</subfield><subfield code='b'>PDF</subfield><subfield code='2'>rda</subfield></datafield><datafield ind1='1' ind2=' ' tag='490'><subfield code='a'>Palgrave Studies in European Union Politics</subfield></datafield><datafield ind1=' ' ind2=' ' tag='504'><subfield code='a'>Includes bibliographical references and index.</subfield></datafield><datafield ind1=' ' ind2=' ' tag='588'><subfield code='a'>Description based on print version record.</subfield></datafield><datafield ind1='0' ind2=' ' tag='505'><subfield code='a'>List of Tables and Figures -- Chapter 1: Introduction -- Chapter 2: Theoretical Framework -- Chapter 3: Data and Method -- Chapter 4: Formats of Parliamentary Debate about the EU -- Chapter 5: Discursive Justification of European Integration -- Chapter 6: The Polarization of Parliamentary Parties -- Chapter 7: Comparative Perspectives on Parliamentary Discourse and Polarization -- Chapter 8: Conclusion -- Bibliography -- Index.</subfield></datafield><datafield ind1=' ' ind2=' ' tag='520'><subfield code='a'>This book investigates recent public debates about the European Union (EU) in national parliaments, which have become the primary arena for public debate about the EU. Responding to claims about a politicization of European governance, the author investigates the link between two dimensions of debate – the discursive justification and party political contestation of decision-making in the EU. Embedded in a comparison between the legislatures of four Member States (Austria, France, Germany, and the United Kingdom), the main finding of the book is that generalizable links can be identified between the use of different argumentative frames and patterns of party political polarization. These insights help to clarify the context conditions in which patterns of left/right and government/opposition politics are replaced by more atypical forms of polarization. In a comparative perspective, the author demonstrates that party political factors are a more relevant factor for variation than thematic or country-specific cultural or institutional factors. Case studies include debates on EU Treaty Reform, the Eurozone crisis, and EU enlargement. .</subfield></datafield><datafield ind1=' ' ind2='0' tag='650'><subfield code='a'>Political science.</subfield></datafield><datafield ind1=' ' ind2='0' tag='650'><subfield code='a'>European Union.</subfield></datafield><datafield ind1=' ' ind2='0' tag='650'><subfield code='a'>Comparative government.</subfield></datafield><datafield ind1='2' ind2='0' tag='610'><subfield code='a'>European Union</subfield><subfield code='x'>Public opinion.</subfield></datafield><datafield ind1=' ' ind2='0' tag='651'><subfield code='a'>Europe</subfield><subfield code='x'>Politics and government.</subfield></datafield><datafield ind1=' ' ind2='4' tag='655'><subfield code='a'>Electronic books.</subfield></datafield><datafield ind1=' ' ind2=' ' tag='776'><subfield code='z'>1-137-51726-3</subfield></datafield><datafield ind1=' ' ind2='0' tag='830'><subfield code='a'>Palgrave Studies in European Union Politics</subfield></datafield><datafield ind1=' ' ind2=' ' tag='906'><subfield code='a'>BOOK</subfield></datafield><datafield ind1=' ' ind2=' ' tag='ADM'><subfield code='b'>2018-02-22 12:40:49</subfield><subfield code='e'>993710000000735215</subfield><subfield code='d'>NON_SFX</subfield><subfield code='f'>20160627155007.0</subfield><subfield code='a'>2016-07-09 14:49:08</subfield><subfield code='c'>false</subfield></datafield><datafield ind1=' ' ind2=' ' tag='PRT'><subfield code='a'>53366884930003811</subfield><subfield code='b'>https://sandbox01-na.alma.exlibrisgroup.com/view/uresolver/01TULI_INST/openurl?u.ignore_date_coverage=true&amp;rft.mms_id=991036801860603811</subfield><subfield code='e'>Springer Link</subfield><subfield code='9'>Available</subfield><subfield code='c'>SpringerLink Books Complete</subfield><subfield code='h'>611000000000001381</subfield><subfield code='8'>53366884930003811</subfield></datafield></record>