
<record xmlns='http://www.loc.gov/MARC21/slim'><leader>04643cam a2200469Ii 4500</leader><controlfield tag='005'>20170825225730.0</controlfield><controlfield tag='008'>150710t20152015nyua     b    001 0 eng c</controlfield><controlfield tag='001'>991020302469703811</controlfield><datafield ind1=' ' ind2=' ' tag='020'><subfield code='a'>9781107114166 (hardback)</subfield></datafield><datafield ind1=' ' ind2=' ' tag='020'><subfield code='a'>1107114160 (hardback)</subfield></datafield><datafield ind1=' ' ind2=' ' tag='020'><subfield code='a'>9781107534698 (paperback)</subfield></datafield><datafield ind1=' ' ind2=' ' tag='020'><subfield code='a'>1107534690 (paperback)</subfield></datafield><datafield ind1=' ' ind2=' ' tag='035'><subfield code='a'>(PPT)b60819777-01tuli_inst</subfield></datafield><datafield ind1=' ' ind2=' ' tag='035'><subfield code='a'>(OCoLC)914224303</subfield><subfield code='z'>(OCoLC)913556694</subfield></datafield><datafield ind1=' ' ind2=' ' tag='035'><subfield code='a'>ocn914224303</subfield></datafield><datafield ind1=' ' ind2=' ' tag='035'><subfield code='a'>(OCLC)ocn914224303</subfield></datafield><datafield ind1=' ' ind2=' ' tag='040'><subfield code='a'>BTCTA</subfield><subfield code='b'>eng</subfield><subfield code='e'>rda</subfield><subfield code='c'>BTCTA</subfield><subfield code='d'>ERASA</subfield><subfield code='d'>YDXCP</subfield><subfield code='d'>EAU</subfield><subfield code='d'>EYM</subfield><subfield code='d'>OCLCF</subfield><subfield code='d'>GZN</subfield><subfield code='d'>ONS</subfield><subfield code='d'>LML</subfield><subfield code='d'>CDX</subfield><subfield code='d'>CSJ</subfield></datafield><datafield ind1=' ' ind2=' ' tag='043'><subfield code='a'>n-us---</subfield></datafield><datafield ind1=' ' ind2=' ' tag='079'><subfield code='a'>ocn914224303</subfield></datafield><datafield ind1=' ' ind2=' ' tag='090'><subfield code='a'>JK2265</subfield><subfield code='b'>.A675 2015</subfield></datafield><datafield ind1='0' ind2='0' tag='245'><subfield code='a'>American gridlock :</subfield><subfield code='b'>the sources, character, and impact of political polarization /</subfield><subfield code='c'>edited by James A. Thurber, Antoine Yoshinaka.</subfield></datafield><datafield ind1=' ' ind2='1' tag='264'><subfield code='a'>New York :</subfield><subfield code='b'>Cambridge University Press,</subfield><subfield code='c'>2015.</subfield></datafield><datafield ind1=' ' ind2='4' tag='264'><subfield code='c'>©2015</subfield></datafield><datafield ind1=' ' ind2=' ' tag='300'><subfield code='a'>xxix, 404 pages :</subfield><subfield code='b'>illustrations ;</subfield><subfield code='c'>23 cm</subfield></datafield><datafield ind1=' ' ind2=' ' tag='336'><subfield code='a'>text</subfield><subfield code='b'>txt</subfield><subfield code='2'>rdacontent</subfield></datafield><datafield ind1=' ' ind2=' ' tag='337'><subfield code='a'>unmediated</subfield><subfield code='b'>n</subfield><subfield code='2'>rdamedia</subfield></datafield><datafield ind1=' ' ind2=' ' tag='338'><subfield code='a'>volume</subfield><subfield code='b'>nc</subfield><subfield code='2'>rdacarrier</subfield></datafield><datafield ind1=' ' ind2=' ' tag='504'><subfield code='a'>Includes bibliographical references and index.</subfield></datafield><datafield ind1='0' ind2=' ' tag='505'><subfield code='a'>Part I. Polarization among Voters and Activists: 1. The new American electorate: partisan, sorted, and polarized / Alan I. Abramowitz -- 2. Redistricting and polarization / Micah Altman and Michael McDonald -- 3. Party activists, interest groups, and polarization in American politics / David Karol -- 4. Authoritarianism and polarization in American politics, still? / Marc J. Hetherington and Jonathan D. Weiler -- 5. Party sorting: the foundations of polarized politics / Samuel J. Abrams and Morris P. Fiorina -- Part II. Polarization in National Institutions: 6. Presidential-congressional relations in an era of polarized parties and a 60-vote Senate / Jon R. Bond, Richard Fleisher and Jeffrey E. Cohen -- 7. Party warriors: the ugly side of party polarization in Congress / Sean M. Theriault -- 8. The sources and consequences of polarization in the U.S. Supreme Court / Brandon L. Bartels -- Part III. Polarization in the States: 9. Polarization in American state legislatures / Boris Shor -- 10. The costs of party reform: two states&apos; experiences / Seth E. Masket -- 11. The policy consequences of party polarization: evidence from the American States / Elizabeth Rigby and Gerald C. Wright -- Part IV. Polarization in the Media: 12. Partisan media and electoral polarization in 2012: evidence from the American National Election Study / Gary C. Jacobson -- 13. News as a casualty: district polarization and media coverage of U.S. House campaigns / Danny Hayes and Jennifer L. Lawless -- 14. More a symptom than a cause: polarization and partisan news media in America / Kevin Arceneaux and Martin Johnson -- 15. The polarizing effects of partisan and mainstream news / Natalie Jomini Stroud and Alexander Curry -- Part V. Implications and Conclusions: 16. Congressional polarization and its connection to income inequality: an update / Adam Bonica, Nolan McCarty, Keith T. Poole and Howard Rosenthal -- 17. The sources and impact of political polarization / James A. Thurber and Antoine Yoshinaka.</subfield></datafield><datafield ind1=' ' ind2=' ' tag='520'><subfield code='a'>American Gridlock brings together the country&apos;s preeminent experts on the causes, characteristics, and consequences of partisan polarization in US politics and government, with each chapter presenting original scholarship and novel data. This book is the first to combine research on all facets of polarization, among the public (both voters and activists), in our federal institutions (Congress, the presidency, and the Supreme Court), at the state level, and in the media. Each chapter includes a bullet-point summary of its main argument and conclusions, and is written in clear prose that highlights the substantive implications of polarization for representation and policy-making. Authors examine polarization with an array of current and historical data, including public opinion surveys, electoral and legislative and congressional data, experimental data, and content analyses of media outlets. American Gridlock&apos;s theoretical and empirical depth distinguishes it from any other volume on polarization.</subfield></datafield><datafield ind1=' ' ind2='0' tag='650'><subfield code='a'>Political parties</subfield><subfield code='z'>United States.</subfield></datafield><datafield ind1=' ' ind2='0' tag='650'><subfield code='a'>Polarization (Social sciences)</subfield><subfield code='z'>United States.</subfield></datafield><datafield ind1=' ' ind2='0' tag='651'><subfield code='a'>United States</subfield><subfield code='x'>Politics and government.</subfield></datafield><datafield ind1='1' ind2=' ' tag='700'><subfield code='a'>Thurber, James A.,</subfield><subfield code='d'>1943-</subfield><subfield code='e'>editor.</subfield></datafield><datafield ind1='1' ind2=' ' tag='700'><subfield code='a'>Yoshinaka, Antoine,</subfield><subfield code='e'>editor.</subfield></datafield><datafield ind1=' ' ind2=' ' tag='902'><subfield code='a'>160927</subfield></datafield><datafield ind1=' ' ind2=' ' tag='907'><subfield code='a'>.b60819777</subfield><subfield code='b'>multi</subfield><subfield code='c'>-</subfield></datafield><datafield ind1=' ' ind2=' ' tag='945'><subfield code='l'>jtcas</subfield><subfield code='g'>1</subfield></datafield><datafield ind1=' ' ind2=' ' tag='945'><subfield code='l'>pstk </subfield><subfield code='g'>1</subfield></datafield><datafield ind1=' ' ind2=' ' tag='979'><subfield code='a'>ocn914224303</subfield></datafield><datafield ind1=' ' ind2=' ' tag='998'><subfield code='b'>3</subfield><subfield code='c'>160219</subfield><subfield code='d'>m</subfield><subfield code='e'>a</subfield><subfield code='f'>-</subfield><subfield code='g'>0</subfield></datafield><datafield ind1=' ' ind2=' ' tag='998'><subfield code='a'>02/19/16</subfield><subfield code='s'>OCLC</subfield><subfield code='c'>YL</subfield></datafield><datafield ind1=' ' ind2=' ' tag='ADM'><subfield code='b'>2018-04-11 07:30:46</subfield><subfield code='e'>b60819777-01tuli_inst</subfield><subfield code='d'>ILS</subfield><subfield code='a'>2017-06-20 09:54:33</subfield><subfield code='c'>false</subfield></datafield><datafield ind1='0' ind2=' ' tag='HLD'><subfield code='b'>JAPAN</subfield><subfield code='c'>stacks</subfield><subfield code='h'>JK2265</subfield><subfield code='i'>.A675 2015</subfield><subfield code='8'>22298140570003811</subfield></datafield><datafield ind1='0' ind2=' ' tag='HLD'><subfield code='b'>MAIN</subfield><subfield code='c'>stacks</subfield><subfield code='h'>JK2265</subfield><subfield code='i'>.A675 2015</subfield><subfield code='8'>22298140590003811</subfield></datafield><datafield ind1=' ' ind2=' ' tag='ITM'><subfield code='r'>22298140570003811</subfield><subfield code='b'>1</subfield><subfield code='h'>0</subfield><subfield code='g'>stacks</subfield><subfield code='t'>BOOK</subfield><subfield code='9'>31982070476470</subfield><subfield code='e'>stacks</subfield><subfield code='8'>23298140560003811</subfield><subfield code='a'>0</subfield><subfield code='q'>2017-06-20 09:54:33</subfield><subfield code='i'>JK2265 .A675 2015</subfield><subfield code='d'>JAPAN</subfield><subfield code='f'>JAPAN</subfield></datafield><datafield ind1=' ' ind2=' ' tag='ITM'><subfield code='r'>22298140590003811</subfield><subfield code='b'>1</subfield><subfield code='h'>0</subfield><subfield code='g'>stacks</subfield><subfield code='t'>BOOK</subfield><subfield code='9'>39074028864270</subfield><subfield code='e'>stacks</subfield><subfield code='8'>23298140580003811</subfield><subfield code='a'>0</subfield><subfield code='q'>2017-06-20 09:54:33</subfield><subfield code='i'>JK2265 .A675 2015</subfield><subfield code='d'>MAIN</subfield><subfield code='f'>MAIN</subfield></datafield></record>