
<record xmlns='http://www.loc.gov/MARC21/slim'><leader>02198cam  2200565 i 4500</leader><controlfield tag='005'>20171027163324.0</controlfield><controlfield tag='006'>m     o  d        </controlfield><controlfield tag='007'>cr cnu---unuuu</controlfield><controlfield tag='008'>150807s2015    ilua    ob    001 0 eng d</controlfield><controlfield tag='001'>991012123129703811</controlfield><datafield ind1=' ' ind2=' ' tag='020'><subfield code='a'>9780226299181</subfield></datafield><datafield ind1=' ' ind2=' ' tag='020'><subfield code='a'>022629918X</subfield></datafield><datafield ind1=' ' ind2=' ' tag='020'><subfield code='a'>9780226299211</subfield></datafield><datafield ind1=' ' ind2=' ' tag='020'><subfield code='a'>022629921X</subfield></datafield><datafield ind1=' ' ind2=' ' tag='020'><subfield code='a'>9780226299358 (MyiLibrary)</subfield></datafield><datafield ind1=' ' ind2=' ' tag='020'><subfield code='a'>022629935X</subfield></datafield><datafield ind1=' ' ind2=' ' tag='020'><subfield code='a'>9780226299358</subfield></datafield><datafield ind1=' ' ind2=' ' tag='035'><subfield code='a'>(PPT)b58415026-01tuli_inst</subfield></datafield><datafield ind1=' ' ind2=' ' tag='035'><subfield code='a'>(CaONFJC)cis32338411</subfield><subfield code='9'>ExL</subfield></datafield><datafield ind1=' ' ind2=' ' tag='035'><subfield code='a'>(OCoLC)0918555628</subfield></datafield><datafield ind1=' ' ind2=' ' tag='037'><subfield code='a'>821212</subfield><subfield code='b'>MIL</subfield></datafield><datafield ind1=' ' ind2=' ' tag='040'><subfield code='a'>CaONFJC</subfield><subfield code='e'>rda</subfield><subfield code='c'>CaONFJC</subfield></datafield><datafield ind1=' ' ind2=' ' tag='043'><subfield code='a'>n-us---</subfield></datafield><datafield ind1=' ' ind2=' ' tag='090'><subfield code='a'>E893</subfield><subfield code='b'>.H48 2015eb</subfield></datafield><datafield ind1='1' ind2=' ' tag='100'><subfield code='a'>Hetherington, Marc J.,</subfield><subfield code='d'>1968-</subfield><subfield code='e'>author.</subfield></datafield><datafield ind1='1' ind2='0' tag='245'><subfield code='a'>Why Washington won&apos;t work</subfield><subfield code='h'>[electronic resource] :</subfield><subfield code='b'>polarization, political trust, and the governing crisis /</subfield><subfield code='c'>Marc J. Hetherington, Thomas J. Rudolph.</subfield></datafield><datafield ind1=' ' ind2='1' tag='264'><subfield code='a'>Chicago :</subfield><subfield code='b'>The University of Chicago Press,</subfield><subfield code='c'>[2015]</subfield></datafield><datafield ind1=' ' ind2='4' tag='264'><subfield code='c'>©2015</subfield></datafield><datafield ind1=' ' ind2=' ' tag='300'><subfield code='a'>1 online resource :</subfield><subfield code='b'>illustrations</subfield></datafield><datafield ind1=' ' ind2=' ' tag='336'><subfield code='a'>text</subfield><subfield code='b'>txt</subfield><subfield code='2'>rdacontent</subfield></datafield><datafield ind1=' ' ind2=' ' tag='337'><subfield code='a'>computer</subfield><subfield code='b'>c</subfield><subfield code='2'>rdamedia</subfield></datafield><datafield ind1=' ' ind2=' ' tag='338'><subfield code='a'>online resource</subfield><subfield code='b'>cr</subfield><subfield code='2'>rdacarrier</subfield></datafield><datafield ind1=' ' ind2=' ' tag='504'><subfield code='a'>Includes bibliographical references and index.</subfield></datafield><datafield ind1='0' ind2=' ' tag='588'><subfield code='a'>Print version record.</subfield></datafield><datafield ind1=' ' ind2=' ' tag='590'><subfield code='a'>Access is available to the Temple Community through use of a networked computer with a Temple IP address.</subfield></datafield><datafield ind1=' ' ind2='0' tag='650'><subfield code='a'>Politics, Practical</subfield><subfield code='z'>United States.</subfield></datafield><datafield ind1=' ' ind2='0' tag='650'><subfield code='a'>Trust</subfield><subfield code='x'>Political aspects</subfield><subfield code='z'>United States.</subfield></datafield><datafield ind1=' ' ind2='0' tag='650'><subfield code='a'>Polarization (Social sciences)</subfield><subfield code='z'>United States.</subfield></datafield><datafield ind1=' ' ind2='0' tag='650'><subfield code='a'>Political parties</subfield><subfield code='z'>United States.</subfield></datafield><datafield ind1=' ' ind2='0' tag='651'><subfield code='a'>United States</subfield><subfield code='x'>Politics and government</subfield><subfield code='y'>2009-2017.</subfield></datafield><datafield ind1=' ' ind2='0' tag='655'><subfield code='a'>Electronic books.</subfield></datafield><datafield ind1='1' ind2=' ' tag='700'><subfield code='a'>Rudolph, Thomas J.,</subfield><subfield code='e'>author.</subfield></datafield><datafield ind1='2' ind2=' ' tag='710'><subfield code='a'>MyiLibrary.</subfield></datafield><datafield ind1='0' ind2='8' tag='776'><subfield code='i'>Print version:</subfield><subfield code='a'>Hetherington, Marc J., 1968- author.</subfield><subfield code='t'>Why Washington won&apos;t work</subfield><subfield code='z'>9780226299181</subfield><subfield code='w'>(DLC)  2015010765</subfield><subfield code='w'>(OCoLC)898910747</subfield></datafield><datafield ind1='4' ind2='0' tag='856'><subfield code='u'>http://libproxy.temple.edu/login?url=http://lib.myilibrary.com/detail.asp?ID=821212</subfield><subfield code='z'>Connect to MyiLibrary resource.</subfield></datafield><datafield ind1=' ' ind2=' ' tag='902'><subfield code='a'>170601</subfield></datafield><datafield ind1=' ' ind2=' ' tag='907'><subfield code='a'>.b58415026</subfield><subfield code='b'>w    </subfield><subfield code='c'>-</subfield></datafield><datafield ind1=' ' ind2=' ' tag='945'><subfield code='l'>w    </subfield><subfield code='g'>1</subfield></datafield><datafield ind1=' ' ind2=' ' tag='998'><subfield code='b'>2</subfield><subfield code='c'>170531</subfield><subfield code='d'>m</subfield><subfield code='e'>@</subfield><subfield code='f'>-</subfield><subfield code='g'>0</subfield></datafield><datafield ind1=' ' ind2=' ' tag='998'><subfield code='a'>sendtomarciveA</subfield></datafield><datafield ind1=' ' ind2=' ' tag='ADM'><subfield code='b'>2017-10-27 20:33:24</subfield><subfield code='e'>b58415026-01tuli_inst</subfield><subfield code='d'>MARCIVE</subfield><subfield code='f'>20150917082809.0</subfield><subfield code='a'>2017-06-20 10:25:43</subfield><subfield code='c'>false</subfield></datafield><datafield ind1=' ' ind2=' ' tag='PRT'><subfield code='a'>53384099510003811</subfield><subfield code='b'>https://sandbox01-na.alma.exlibrisgroup.com/view/uresolver/01TULI_INST/openurl?u.ignore_date_coverage=true&amp;rft.mms_id=991012123129703811</subfield><subfield code='f'>Connect to MyiLibrary resource.</subfield><subfield code='9'>Available</subfield><subfield code='d'>MAIN</subfield><subfield code='c'>MyiLibrary</subfield><subfield code='8'>53384099510003811</subfield></datafield></record>