
<record xmlns='http://www.loc.gov/MARC21/slim'><leader>01651cam a2200409 i 4500</leader><controlfield tag='005'>20180205130313.0</controlfield><controlfield tag='008'>170811t20172017enka     b    001 0 eng  </controlfield><controlfield tag='001'>991036835169003811</controlfield><datafield ind1=' ' ind2=' ' tag='010'><subfield code='a'>  2017024754</subfield></datafield><datafield ind1=' ' ind2=' ' tag='019'><subfield code='a'>974029729</subfield><subfield code='a'>974357074</subfield><subfield code='a'>974466027</subfield><subfield code='a'>974543659</subfield><subfield code='a'>974687235</subfield><subfield code='a'>974735944</subfield><subfield code='a'>974979164</subfield><subfield code='a'>975008738</subfield></datafield><datafield ind1=' ' ind2=' ' tag='020'><subfield code='a'>9781108415422</subfield><subfield code='q'>(hardcover</subfield><subfield code='q'>alkaline paper)</subfield></datafield><datafield ind1=' ' ind2=' ' tag='020'><subfield code='a'>1108415423</subfield><subfield code='q'>(hardcover</subfield><subfield code='q'>alkaline paper)</subfield></datafield><datafield ind1=' ' ind2=' ' tag='035'><subfield code='a'>(OCoLC)981115712</subfield></datafield><datafield ind1=' ' ind2=' ' tag='040'><subfield code='a'>DLC</subfield><subfield code='b'>eng</subfield><subfield code='e'>rda</subfield><subfield code='c'>DLC</subfield><subfield code='d'>BTCTA</subfield><subfield code='d'>YDX</subfield><subfield code='d'>CDX</subfield><subfield code='d'>OCLCO</subfield><subfield code='d'>YDX</subfield><subfield code='d'>OCLCO</subfield><subfield code='d'>VA@</subfield><subfield code='d'>OCLCQ</subfield></datafield><datafield ind1=' ' ind2=' ' tag='042'><subfield code='a'>pcc</subfield></datafield><datafield ind1=' ' ind2=' ' tag='043'><subfield code='a'>s------</subfield></datafield><datafield ind1='0' ind2='0' tag='050'><subfield code='a'>JL1860</subfield><subfield code='b'>.H36 2017</subfield></datafield><datafield ind1='0' ind2='0' tag='082'><subfield code='a'>320.98</subfield><subfield code='2'>23</subfield></datafield><datafield ind1='1' ind2=' ' tag='100'><subfield code='a'>Handlin, Samuel,</subfield><subfield code='e'>author.</subfield></datafield><datafield ind1='1' ind2='0' tag='245'><subfield code='a'>State crisis in fragile democracies :</subfield><subfield code='b'>polarization and political regimes in South America /</subfield><subfield code='c'>Samuel Handlin.</subfield></datafield><datafield ind1=' ' ind2='1' tag='264'><subfield code='a'>Cambridge, United Kingdom ;</subfield><subfield code='a'>New York, NY :</subfield><subfield code='b'>Cambridge University Press,</subfield><subfield code='c'>2017.</subfield></datafield><datafield ind1=' ' ind2='4' tag='264'><subfield code='c'>©2017</subfield></datafield><datafield ind1=' ' ind2=' ' tag='300'><subfield code='a'>xiii, 321 pages ;</subfield><subfield code='c'>24 cm</subfield></datafield><datafield ind1=' ' ind2=' ' tag='336'><subfield code='a'>text</subfield><subfield code='b'>txt</subfield><subfield code='2'>rdacontent</subfield></datafield><datafield ind1=' ' ind2=' ' tag='337'><subfield code='a'>unmediated</subfield><subfield code='b'>n</subfield><subfield code='2'>rdamedia</subfield></datafield><datafield ind1=' ' ind2=' ' tag='338'><subfield code='a'>volume</subfield><subfield code='b'>nc</subfield><subfield code='2'>rdacarrier</subfield></datafield><datafield ind1=' ' ind2=' ' tag='504'><subfield code='a'>Includes bibliographical references and index.</subfield></datafield><datafield ind1=' ' ind2='0' tag='650'><subfield code='a'>Democracy</subfield><subfield code='z'>South America.</subfield></datafield><datafield ind1=' ' ind2='0' tag='650'><subfield code='a'>Right and left (Political science)</subfield><subfield code='z'>South America.</subfield></datafield><datafield ind1=' ' ind2='0' tag='650'><subfield code='a'>Polarization (Social sciences)</subfield><subfield code='z'>South America.</subfield></datafield><datafield ind1=' ' ind2='0' tag='651'><subfield code='a'>South America</subfield><subfield code='x'>Politics and government</subfield><subfield code='y'>21st century.</subfield></datafield><datafield ind1=' ' ind2='1' tag='945'><subfield code='i'>39074026685032</subfield><subfield code='k'>MAIN</subfield><subfield code='l'>stacks</subfield><subfield code='a'>JL1860</subfield><subfield code='b'>.H36 2017</subfield><subfield code='z'>090</subfield></datafield><datafield ind1=' ' ind2=' ' tag='960'><subfield code='k'>MAIN</subfield><subfield code='l'>stacks</subfield></datafield><datafield ind1=' ' ind2=' ' tag='979'><subfield code='a'>(OCoLC)981115712</subfield></datafield><datafield ind1=' ' ind2=' ' tag='980'><subfield code='a'>09-06-17</subfield><subfield code='b'>9999</subfield><subfield code='e'>8049</subfield><subfield code='f'>I20104706</subfield></datafield><datafield ind1=' ' ind2=' ' tag='981'><subfield code='a'>Coutt</subfield><subfield code='b'>cthua</subfield><subfield code='d'>37708250</subfield><subfield code='e'>SLI</subfield><subfield code='k'>MAIN</subfield><subfield code='l'>stacks</subfield></datafield><datafield ind1=' ' ind2=' ' tag='997'><subfield code='a'>20170922</subfield><subfield code='c'>COUTTS SR</subfield><subfield code='e'>MARCIVE</subfield><subfield code='e'>WCAT</subfield><subfield code='d'>TEU</subfield></datafield><datafield ind1=' ' ind2=' ' tag='ADM'><subfield code='b'>2018-02-05 18:03:13</subfield><subfield code='e'>ocn981115712</subfield><subfield code='d'>OCLC</subfield><subfield code='f'>20171120132546.0</subfield><subfield code='a'>2017-09-15 14:47:13</subfield><subfield code='c'>false</subfield></datafield><datafield ind1='0' ind2=' ' tag='HLD'><subfield code='b'>MAIN</subfield><subfield code='c'>stacks</subfield><subfield code='h'>JL1860</subfield><subfield code='i'>.H36 2017</subfield><subfield code='8'>22400844000003811</subfield></datafield><datafield ind1=' ' ind2=' ' tag='ITM'><subfield code='r'>22400844000003811</subfield><subfield code='b'>1</subfield><subfield code='h'>0</subfield><subfield code='g'>stacks</subfield><subfield code='t'>BOOK</subfield><subfield code='9'>39074026685032</subfield><subfield code='e'>stacks</subfield><subfield code='l'>0</subfield><subfield code='8'>23400843980003811</subfield><subfield code='j'>0</subfield><subfield code='a'>0</subfield><subfield code='q'>2017-09-15 14:48:09</subfield><subfield code='i'>JL1860 .H36 2017</subfield><subfield code='d'>MAIN</subfield><subfield code='f'>MAIN</subfield></datafield></record>