
<record xmlns='http://www.loc.gov/MARC21/slim'><leader>01082cam a2200349   4500</leader><controlfield tag='008'>701117s1970    nyu      b    00010 eng  </controlfield><controlfield tag='005'>20170825211116.0</controlfield><controlfield tag='001'>991028563939703811</controlfield><datafield ind1=' ' ind2=' ' tag='020'><subfield code='a'>007023678X</subfield></datafield><datafield ind1=' ' ind2=' ' tag='035'><subfield code='a'>(PPT)b25053097-01tuli_inst</subfield></datafield><datafield ind1=' ' ind2=' ' tag='035'><subfield code='a'>ocn489128617</subfield><subfield code='9'>ExL</subfield></datafield><datafield ind1=' ' ind2=' ' tag='035'><subfield code='a'>   75128787 </subfield></datafield><datafield ind1=' ' ind2=' ' tag='035'><subfield code='a'>ocm00099780</subfield></datafield><datafield ind1=' ' ind2=' ' tag='035'><subfield code='a'>(OCLC)ocm00099780</subfield></datafield><datafield ind1=' ' ind2=' ' tag='043'><subfield code='a'>n-us---</subfield></datafield><datafield ind1=' ' ind2=' ' tag='079'><subfield code='a'>ocm00099780</subfield></datafield><datafield ind1=' ' ind2=' ' tag='090'><subfield code='a'>HN90.R3</subfield><subfield code='b'>G63</subfield></datafield><datafield ind1='1' ind2=' ' tag='100'><subfield code='a'>Golembiewski, Robert T.</subfield></datafield><datafield ind1='1' ind2='4' tag='245'><subfield code='a'>The new politics: polarization or Utopia?</subfield><subfield code='c'>[compiled by] Robert T. Golembiewski, Charles S. Bullock, III [and] Harrell R. Rodgers, Jr.</subfield></datafield><datafield ind1=' ' ind2=' ' tag='260'><subfield code='a'>New York,</subfield><subfield code='b'>McGraw-Hill</subfield><subfield code='c'>[1970]</subfield></datafield><datafield ind1=' ' ind2=' ' tag='300'><subfield code='a'>xi, 387 p.</subfield><subfield code='c'>23 cm.</subfield></datafield><datafield ind1=' ' ind2=' ' tag='504'><subfield code='a'>Includes bibliographical references.</subfield></datafield><datafield ind1=' ' ind2='0' tag='650'><subfield code='a'>Radicalism</subfield><subfield code='z'>United States.</subfield></datafield><datafield ind1='1' ind2=' ' tag='700'><subfield code='a'>Bullock, Charles S.,</subfield><subfield code='d'>1942-</subfield></datafield><datafield ind1='1' ind2=' ' tag='700'><subfield code='a'>Rodgers, Harrell R.</subfield></datafield><datafield ind1=' ' ind2=' ' tag='902'><subfield code='a'>100118</subfield></datafield><datafield ind1=' ' ind2=' ' tag='902'><subfield code='a'>MARCIVE RECON PROJECT</subfield></datafield><datafield ind1=' ' ind2=' ' tag='902'><subfield code='a'>HN90.R3</subfield><subfield code='b'>G63</subfield></datafield><datafield ind1=' ' ind2=' ' tag='907'><subfield code='a'>.b25053097</subfield><subfield code='b'>p    </subfield><subfield code='c'>-</subfield></datafield><datafield ind1=' ' ind2=' ' tag='945'><subfield code='l'>pstk </subfield><subfield code='g'>1</subfield></datafield><datafield ind1=' ' ind2=' ' tag='979'><subfield code='a'>ocm00099780</subfield></datafield><datafield ind1=' ' ind2=' ' tag='998'><subfield code='b'>1</subfield><subfield code='c'>020712</subfield><subfield code='d'>m</subfield><subfield code='e'>a</subfield><subfield code='f'>-</subfield><subfield code='g'>4</subfield></datafield><datafield ind1=' ' ind2=' ' tag='ADM'><subfield code='b'>2017-08-26 01:11:16</subfield><subfield code='e'>b25053097-01tuli_inst</subfield><subfield code='d'>ILS</subfield><subfield code='a'>2017-06-20 09:33:56</subfield><subfield code='c'>false</subfield></datafield><datafield ind1='0' ind2=' ' tag='HLD'><subfield code='b'>MAIN</subfield><subfield code='c'>stacks</subfield><subfield code='h'>HN90.R3</subfield><subfield code='i'>G63</subfield><subfield code='8'>22295068280003811</subfield></datafield><datafield ind1=' ' ind2=' ' tag='ITM'><subfield code='r'>22295068280003811</subfield><subfield code='b'>1</subfield><subfield code='h'>0</subfield><subfield code='g'>stacks</subfield><subfield code='t'>BOOK</subfield><subfield code='9'>39074012123105</subfield><subfield code='e'>stacks</subfield><subfield code='8'>23295068270003811</subfield><subfield code='a'>0</subfield><subfield code='q'>2017-06-20 09:33:56</subfield><subfield code='i'>HN90.R3 G63</subfield><subfield code='d'>MAIN</subfield><subfield code='f'>MAIN</subfield></datafield></record>