
<record xmlns='http://www.loc.gov/MARC21/slim'><leader>02845nam a22005773u 4500</leader><controlfield tag='001'>991036825402103811</controlfield><controlfield tag='005'>20170817191751.0</controlfield><controlfield tag='006'>m        d        </controlfield><controlfield tag='007'>cr -n---------</controlfield><controlfield tag='008'>131223s2013|||||||     s|||||||||||eng|d</controlfield><datafield ind1=' ' ind2=' ' tag='020'><subfield code='a'>1-4422-2108-9</subfield></datafield><datafield ind1=' ' ind2=' ' tag='035'><subfield code='a'>(CKB)2550000001063139</subfield></datafield><datafield ind1=' ' ind2=' ' tag='035'><subfield code='a'>(EBL)1207434</subfield></datafield><datafield ind1=' ' ind2=' ' tag='035'><subfield code='a'>(OCoLC)849592897</subfield></datafield><datafield ind1=' ' ind2=' ' tag='035'><subfield code='a'>(SSID)ssj0000892551</subfield></datafield><datafield ind1=' ' ind2=' ' tag='035'><subfield code='a'>(PQKBManifestationID)11519374</subfield></datafield><datafield ind1=' ' ind2=' ' tag='035'><subfield code='a'>(PQKBTitleCode)TC0000892551</subfield></datafield><datafield ind1=' ' ind2=' ' tag='035'><subfield code='a'>(PQKBWorkID)10896964</subfield></datafield><datafield ind1=' ' ind2=' ' tag='035'><subfield code='a'>(PQKB)10399196</subfield></datafield><datafield ind1=' ' ind2=' ' tag='035'><subfield code='a'>(EXLCZ)992550000001063139</subfield></datafield><datafield ind1=' ' ind2=' ' tag='040'><subfield code='a'>AU-PeEL</subfield><subfield code='b'>eng</subfield><subfield code='c'>AU-PeEL</subfield><subfield code='d'>AU-PeEL</subfield></datafield><datafield ind1=' ' ind2=' ' tag='041'><subfield code='a'>eng</subfield></datafield><datafield ind1=' ' ind2='4' tag='050'><subfield code='a'>JK1021 .D35 2013</subfield></datafield><datafield ind1='0' ind2='0' tag='082'><subfield code='a'>328.7309045</subfield></datafield><datafield ind1='1' ind2=' ' tag='100'><subfield code='a'>D&apos;Antonio, William V.</subfield></datafield><datafield ind1='1' ind2='0' tag='245'><subfield code='a'>Religion, Politics, and Polarization</subfield><subfield code='h'>[electronic resource] :</subfield><subfield code='b'>How Religiopolitical Conflict Is Changing Congress and American Democracy</subfield></datafield><datafield ind1=' ' ind2=' ' tag='246'><subfield code='a'>Religion, Politics, and Polarization </subfield></datafield><datafield ind1=' ' ind2=' ' tag='260'><subfield code='a'>Lanham :</subfield><subfield code='b'>Rowman &amp; Littlefield Publishers,</subfield><subfield code='c'>2013.</subfield></datafield><datafield ind1=' ' ind2=' ' tag='300'><subfield code='a'>1 online resource (173 p.)</subfield></datafield><datafield ind1=' ' ind2=' ' tag='336'><subfield code='a'>text</subfield><subfield code='b'>txt</subfield></datafield><datafield ind1=' ' ind2=' ' tag='337'><subfield code='a'>computer</subfield><subfield code='b'>c</subfield></datafield><datafield ind1=' ' ind2=' ' tag='338'><subfield code='a'>online resource</subfield><subfield code='b'>cr</subfield></datafield><datafield ind1=' ' ind2=' ' tag='500'><subfield code='a'>Description based upon print version of record.</subfield></datafield><datafield ind1='0' ind2=' ' tag='505'><subfield code='a'>Contents; Preface and Acknowledgments; Ch01. Setting the Stage; Ch02. Religion in Congress; Ch03. Religious Composition of the U.S. House and Senate, 1959-2010; Ch04. Abortion; Ch05. Defense, Taxes, and Welfare; Ch06. Does Religion Transcend Social Issue Voting?; Ch07. Toeing the Party Line; Ch08. Discussion and Conclusion; Appendix A; Appendix B; Notes; References; Index; About the Authors</subfield></datafield><datafield ind1=' ' ind2=' ' tag='520'><subfield code='a'>In Religion, Politics, and Polarization: How Religiopolitical Conflict are Changing Congress and American Democracy, three esteemed scholars trace the confluence of religion and party in the U.S. Congress over time. Drawing on forty years of congressional roll call votes as well as public opinion survey data, the book argues that the ideologies of both the Democratic and Republican parties are grounded in religious values and beliefs that strongly influence the voting patterns of party members. The authors examine several</subfield></datafield><datafield ind1=' ' ind2=' ' tag='546'><subfield code='a'>English</subfield></datafield><datafield ind1=' ' ind2='4' tag='650'><subfield code='a'>Church and state -- United States.</subfield></datafield><datafield ind1=' ' ind2='4' tag='650'><subfield code='a'>Legislators -- United States.</subfield></datafield><datafield ind1=' ' ind2='4' tag='650'><subfield code='a'>Religion and politics -- United States.</subfield></datafield><datafield ind1=' ' ind2='4' tag='650'><subfield code='a'>United States. -- Congress.</subfield></datafield><datafield ind1=' ' ind2='0' tag='655'><subfield code='a'>Electronic books.</subfield></datafield><datafield ind1=' ' ind2='0' tag='650'><subfield code='a'>Legislators</subfield><subfield code='z'>United States</subfield></datafield><datafield ind1=' ' ind2='0' tag='650'><subfield code='a'>Religion and politics</subfield><subfield code='z'>United States</subfield></datafield><datafield ind1=' ' ind2='0' tag='650'><subfield code='a'>Church and state</subfield><subfield code='z'>United States</subfield></datafield><datafield ind1=' ' ind2='7' tag='650'><subfield code='a'>Government - U.S.</subfield><subfield code='2'>HILCC</subfield></datafield><datafield ind1=' ' ind2='7' tag='650'><subfield code='a'>Law, Politics &amp; Government</subfield><subfield code='2'>HILCC</subfield></datafield><datafield ind1=' ' ind2='7' tag='650'><subfield code='a'>Political Institutions &amp; Public Administration - U.S.,  Legislative Branch</subfield><subfield code='2'>HILCC</subfield></datafield><datafield ind1='1' ind2=' ' tag='700'><subfield code='a'>Tuch, Steven A.</subfield></datafield><datafield ind1='1' ind2=' ' tag='700'><subfield code='a'>Baker, Josiah R.</subfield></datafield><datafield ind1=' ' ind2=' ' tag='776'><subfield code='z'>1-4422-2397-9</subfield></datafield><datafield ind1=' ' ind2=' ' tag='776'><subfield code='z'>1-299-63666-7</subfield></datafield><datafield ind1=' ' ind2=' ' tag='906'><subfield code='a'>BOOK</subfield></datafield><datafield ind1=' ' ind2=' ' tag='PRT'><subfield code='a'>53398362880003811</subfield><subfield code='b'>https://sandbox01-na.alma.exlibrisgroup.com/view/uresolver/01TULI_INST/openurl?u.ignore_date_coverage=true&amp;rft.mms_id=991036825402103811</subfield><subfield code='e'>EBSCOhost</subfield><subfield code='c'>EBSCOhost Academic eBook Collection (North America)</subfield><subfield code='h'>613640000000000029</subfield><subfield code='8'>53398362880003811</subfield></datafield><datafield ind1=' ' ind2=' ' tag='PRT'><subfield code='a'>53420151710003811</subfield><subfield code='b'>https://sandbox01-na.alma.exlibrisgroup.com/view/uresolver/01TULI_INST/openurl?u.ignore_date_coverage=true&amp;rft.mms_id=991036825402103811</subfield><subfield code='e'>Ebook Central</subfield><subfield code='c'>Ebook Central Academic Complete</subfield><subfield code='h'>614200000000000002</subfield><subfield code='8'>53420151710003811</subfield></datafield><datafield ind1=' ' ind2=' ' tag='PRT'><subfield code='a'>53406636180003811</subfield><subfield code='b'>https://sandbox01-na.alma.exlibrisgroup.com/view/uresolver/01TULI_INST/openurl?u.ignore_date_coverage=true&amp;rft.mms_id=991036825402103811</subfield><subfield code='e'>EBSCOhost</subfield><subfield code='c'>eBook Religion Collection</subfield><subfield code='h'>613790000000001583</subfield><subfield code='8'>53406636180003811</subfield></datafield><datafield ind1=' ' ind2=' ' tag='PRT'><subfield code='a'>53412769270003811</subfield><subfield code='b'>https://sandbox01-na.alma.exlibrisgroup.com/view/uresolver/01TULI_INST/openurl?u.ignore_date_coverage=true&amp;rft.mms_id=991036825402103811</subfield><subfield code='e'>EBSCOhost</subfield><subfield code='c'>EBSCOhost eBook Community College Collection</subfield><subfield code='h'>613860000000000003</subfield><subfield code='8'>53412769270003811</subfield></datafield><datafield ind1=' ' ind2=' ' tag='PRT'><subfield code='a'>53405436990003811</subfield><subfield code='b'>https://sandbox01-na.alma.exlibrisgroup.com/view/uresolver/01TULI_INST/openurl?u.ignore_date_coverage=true&amp;rft.mms_id=991036825402103811</subfield><subfield code='e'>EBSCOhost</subfield><subfield code='c'>eBook Public Library Collection - North America</subfield><subfield code='h'>613790000000001577</subfield><subfield code='8'>53405436990003811</subfield></datafield></record>