
<record xmlns='http://www.loc.gov/MARC21/slim'><leader>02287cam a2200481 i 4500</leader><controlfield tag='005'>20170825192407.0</controlfield><controlfield tag='008'>130204s2013    mdua     b    001 0 eng  </controlfield><controlfield tag='001'>991036032049703811</controlfield><datafield ind1=' ' ind2=' ' tag='010'><subfield code='a'>2012044709</subfield></datafield><datafield ind1=' ' ind2=' ' tag='020'><subfield code='a'>9781442221079 (cloth : alk. paper)</subfield></datafield><datafield ind1=' ' ind2=' ' tag='020'><subfield code='a'>1442221070 (cloth : alk. paper)</subfield></datafield><datafield ind1=' ' ind2=' ' tag='020'><subfield code='z'>9781442221086 (electronic)</subfield></datafield><datafield ind1=' ' ind2=' ' tag='020'><subfield code='a'>9781442223974 (pbk.)</subfield></datafield><datafield ind1=' ' ind2=' ' tag='020'><subfield code='a'>1442223979 (pbk.)</subfield></datafield><datafield ind1=' ' ind2=' ' tag='035'><subfield code='a'>(PPT)b54884731-01tuli_inst</subfield></datafield><datafield ind1=' ' ind2=' ' tag='035'><subfield code='a'>(OCoLC)ocn858848362</subfield><subfield code='9'>ExL</subfield></datafield><datafield ind1=' ' ind2=' ' tag='035'><subfield code='a'>(OCoLC)816030349</subfield></datafield><datafield ind1=' ' ind2=' ' tag='035'><subfield code='a'>ocn816030349</subfield></datafield><datafield ind1=' ' ind2=' ' tag='035'><subfield code='a'>(OCLC)ocn816030349</subfield></datafield><datafield ind1=' ' ind2=' ' tag='040'><subfield code='a'>DLC</subfield><subfield code='e'>rda</subfield><subfield code='b'>eng</subfield><subfield code='c'>DLC</subfield><subfield code='d'>YDX</subfield><subfield code='d'>BTCTA</subfield><subfield code='d'>YDXCP</subfield><subfield code='d'>OCLCO</subfield><subfield code='d'>BDX</subfield><subfield code='d'>TLE</subfield><subfield code='d'>EYR</subfield><subfield code='d'>OCLCF</subfield></datafield><datafield ind1=' ' ind2=' ' tag='042'><subfield code='a'>pcc</subfield></datafield><datafield ind1=' ' ind2=' ' tag='043'><subfield code='a'>n-us---</subfield></datafield><datafield ind1=' ' ind2=' ' tag='079'><subfield code='a'>ocn816030349</subfield></datafield><datafield ind1=' ' ind2=' ' tag='090'><subfield code='a'>JK1021</subfield><subfield code='b'>.D35 2013</subfield></datafield><datafield ind1='1' ind2=' ' tag='100'><subfield code='a'>D&apos;Antonio, William V.</subfield></datafield><datafield ind1='1' ind2='0' tag='245'><subfield code='a'>Religion, politics, and polarization :</subfield><subfield code='b'>how religiopolitical conflict is changing Congress and American democracy /</subfield><subfield code='c'>William V. D&apos;Antonio, Steve A. Tuch, and Josiah R. Baker.</subfield></datafield><datafield ind1=' ' ind2='1' tag='264'><subfield code='a'>Lanham, Maryland :</subfield><subfield code='b'>Rowman &amp; Littlefield Publishers, Inc.,</subfield><subfield code='c'>[2013]</subfield></datafield><datafield ind1=' ' ind2=' ' tag='300'><subfield code='a'>viii, 163 p. :</subfield><subfield code='b'>ill. ;</subfield><subfield code='c'>24 cm</subfield></datafield><datafield ind1=' ' ind2=' ' tag='336'><subfield code='a'>text</subfield><subfield code='2'>rdacontent</subfield></datafield><datafield ind1=' ' ind2=' ' tag='337'><subfield code='a'>unmediated</subfield><subfield code='2'>rdamedia</subfield></datafield><datafield ind1=' ' ind2=' ' tag='338'><subfield code='a'>volume</subfield><subfield code='2'>rdacarrier</subfield></datafield><datafield ind1=' ' ind2=' ' tag='504'><subfield code='a'>Includes bibliographical references (p. 143-149) and index.</subfield></datafield><datafield ind1='0' ind2=' ' tag='505'><subfield code='a'>Setting the Stage: Culture Wars, Religion, and Congress -- Religion in Congress: A Historical Overview -- Religious Composition of the U.S. House and Senate, 1959-2010 -- Abortion: Exemplar of the Polarized Congress? -- Defense, Taxes, and Welfare: Key Votes in the House and Senate -- Does Religion Transcend Social Issue Voting? The Relationship between Religion and Congressional Ideology / Steven A. Tuch and Alyx Mark -- Toeing the Party Line: The Increasing Influence of Partisanship among White Protestants and White Catholics, 1972-2010 / Robert P. Jones and Daniel Cox -- Discussion and Conclusion.</subfield></datafield><datafield ind1='1' ind2='0' tag='610'><subfield code='a'>United States.</subfield><subfield code='b'>Congress</subfield></datafield><datafield ind1=' ' ind2='0' tag='650'><subfield code='a'>Legislators</subfield><subfield code='z'>United States.</subfield></datafield><datafield ind1=' ' ind2='0' tag='650'><subfield code='a'>Religion and politics</subfield><subfield code='z'>United States.</subfield></datafield><datafield ind1=' ' ind2='0' tag='650'><subfield code='a'>Church and state</subfield><subfield code='z'>United States.</subfield></datafield><datafield ind1=' ' ind2=' ' tag='902'><subfield code='a'>130924</subfield></datafield><datafield ind1=' ' ind2=' ' tag='907'><subfield code='a'>.b54884731</subfield><subfield code='b'>p    </subfield><subfield code='c'>-</subfield></datafield><datafield ind1=' ' ind2=' ' tag='945'><subfield code='l'>pstk </subfield><subfield code='g'>1</subfield></datafield><datafield ind1=' ' ind2=' ' tag='979'><subfield code='a'>ocn816030349</subfield></datafield><datafield ind1=' ' ind2=' ' tag='998'><subfield code='b'>1</subfield><subfield code='c'>130913</subfield><subfield code='d'>m</subfield><subfield code='e'>a</subfield><subfield code='f'>-</subfield><subfield code='g'>0</subfield></datafield><datafield ind1=' ' ind2=' ' tag='998'><subfield code='a'>09/13/13</subfield><subfield code='s'>LC</subfield><subfield code='c'>AT</subfield></datafield><datafield ind1=' ' ind2=' ' tag='ADM'><subfield code='b'>2018-03-25 08:30:45</subfield><subfield code='e'>b54884731-01tuli_inst</subfield><subfield code='d'>ILS</subfield><subfield code='a'>2017-06-20 08:20:32</subfield><subfield code='c'>false</subfield></datafield><datafield ind1='0' ind2=' ' tag='HLD'><subfield code='b'>MAIN</subfield><subfield code='c'>stacks</subfield><subfield code='h'>JK1021</subfield><subfield code='i'>.D35 2013</subfield><subfield code='8'>22280722350003811</subfield></datafield><datafield ind1=' ' ind2=' ' tag='ITM'><subfield code='r'>22280722350003811</subfield><subfield code='b'>1</subfield><subfield code='h'>0</subfield><subfield code='g'>stacks</subfield><subfield code='t'>BOOK</subfield><subfield code='9'>39074026579292</subfield><subfield code='e'>stacks</subfield><subfield code='8'>23280722340003811</subfield><subfield code='a'>0</subfield><subfield code='q'>2017-06-20 08:20:32</subfield><subfield code='i'>JK1021 .D35 2013</subfield><subfield code='d'>MAIN</subfield><subfield code='f'>MAIN</subfield></datafield></record>