
<record xmlns='http://www.loc.gov/MARC21/slim'><leader>03024cam a22005534i 4500</leader><controlfield tag='005'>20170825164919.0</controlfield><controlfield tag='008'>140917s2015    coua     b    001 0 eng  </controlfield><controlfield tag='001'>991012049369703811</controlfield><datafield ind1=' ' ind2=' ' tag='010'><subfield code='a'>2014036410</subfield></datafield><datafield ind1=' ' ind2=' ' tag='020'><subfield code='a'>9781626371675 (alk. paper)</subfield></datafield><datafield ind1=' ' ind2=' ' tag='020'><subfield code='a'>1626371679 (alk. paper)</subfield></datafield><datafield ind1='8' ind2=' ' tag='024'><subfield code='a'>40024529941</subfield></datafield><datafield ind1=' ' ind2=' ' tag='035'><subfield code='a'>(PPT)b58400333-01tuli_inst</subfield></datafield><datafield ind1=' ' ind2=' ' tag='035'><subfield code='a'>(OCoLC)ocn923604295</subfield><subfield code='9'>ExL</subfield></datafield><datafield ind1=' ' ind2=' ' tag='035'><subfield code='a'>(OCoLC)884480571</subfield><subfield code='z'>(OCoLC)902656380</subfield></datafield><datafield ind1=' ' ind2=' ' tag='035'><subfield code='a'>ocn884480571</subfield></datafield><datafield ind1=' ' ind2=' ' tag='035'><subfield code='a'>(OCLC)ocn884480571</subfield></datafield><datafield ind1=' ' ind2=' ' tag='040'><subfield code='a'>DLC</subfield><subfield code='b'>eng</subfield><subfield code='e'>rda</subfield><subfield code='c'>DLC</subfield><subfield code='d'>YDXCP</subfield><subfield code='d'>BTCTA</subfield><subfield code='d'>BDX</subfield><subfield code='d'>OCLCF</subfield><subfield code='d'>VVC</subfield><subfield code='d'>YUS</subfield><subfield code='d'>CHVBK</subfield><subfield code='d'>OCL</subfield><subfield code='d'>WAU</subfield><subfield code='d'>IG#</subfield><subfield code='d'>CDX</subfield></datafield><datafield ind1=' ' ind2=' ' tag='042'><subfield code='a'>pcc</subfield></datafield><datafield ind1=' ' ind2=' ' tag='043'><subfield code='a'>n-us---</subfield></datafield><datafield ind1=' ' ind2=' ' tag='079'><subfield code='a'>ocn884480571</subfield></datafield><datafield ind1=' ' ind2=' ' tag='090'><subfield code='a'>JK1726</subfield><subfield code='b'>.P6 2015</subfield></datafield><datafield ind1='0' ind2='0' tag='245'><subfield code='a'>Polarized politics :</subfield><subfield code='b'>the impact of divisiveness in the US political system /</subfield><subfield code='c'>edited by William Crotty.</subfield></datafield><datafield ind1=' ' ind2='1' tag='264'><subfield code='a'>Boulder, Colorado :</subfield><subfield code='b'>Lynne Rienner Publishers, Inc.,</subfield><subfield code='c'>2015.</subfield></datafield><datafield ind1=' ' ind2=' ' tag='300'><subfield code='a'>xi, 409 pages :</subfield><subfield code='b'>illustrations ;</subfield><subfield code='c'>24 cm</subfield></datafield><datafield ind1=' ' ind2=' ' tag='336'><subfield code='a'>text</subfield><subfield code='2'>rdacontent</subfield></datafield><datafield ind1=' ' ind2=' ' tag='337'><subfield code='a'>unmediated</subfield><subfield code='2'>rdamedia</subfield></datafield><datafield ind1=' ' ind2=' ' tag='338'><subfield code='a'>volume</subfield><subfield code='2'>rdacarrier</subfield></datafield><datafield ind1=' ' ind2=' ' tag='504'><subfield code='a'>Includes bibliographical references (p. 355-388) and index.</subfield></datafield><datafield ind1='0' ind2=' ' tag='505'><subfield code='a'>Polarization in US politics and policy / William Crotty -- Ideology as a polarizing force / William Crotty -- Voter turnout and the path to plutocracy / Walter Dean Burnham -- From umbrella parties to polarized parties / Arthur C. Paulson -- Big money, mass media, and the polarization of Congress / Thomas Ferguson -- Structural sources of political polarization / Gerald M. Pomper and Marc D. Weiner -- Religious groups as a polarizing force / Lyman A. Kellstedt and James L. Guth -- Women&apos;s political leadership roles / Barbara C. Burrell -- African Americans and party politics / William Crotty -- Latinos, partisanship, and electoral engagement / John A. Garcia -- Gay rights and the party divide / Paul R. Brewer and Shawn C. Fettig -- Aging policy: a partisan paradox / Chrstine L. Day -- The debate over health care / Thomas R. Marshall -- Representation in a dysfunctional democracy / William Crotty.</subfield></datafield><datafield ind1=' ' ind2='7' tag='648'><subfield code='a'>2000 - 2099</subfield><subfield code='2'>fast</subfield></datafield><datafield ind1=' ' ind2='0' tag='650'><subfield code='a'>Polarization (Social sciences)</subfield><subfield code='z'>United States.</subfield></datafield><datafield ind1=' ' ind2='0' tag='650'><subfield code='a'>Identity politics</subfield><subfield code='z'>United States.</subfield></datafield><datafield ind1=' ' ind2='0' tag='650'><subfield code='a'>Social groups</subfield><subfield code='x'>Political aspects</subfield><subfield code='z'>United States.</subfield></datafield><datafield ind1=' ' ind2='0' tag='650'><subfield code='a'>Right and left (Political science)</subfield><subfield code='z'>United States.</subfield></datafield><datafield ind1=' ' ind2='7' tag='650'><subfield code='a'>Identity politics.</subfield><subfield code='2'>fast</subfield><subfield code='0'>(OCoLC)fst01747531</subfield></datafield><datafield ind1=' ' ind2='7' tag='650'><subfield code='a'>Polarization (Social sciences)</subfield><subfield code='2'>fast</subfield><subfield code='0'>(OCoLC)fst01068309</subfield></datafield><datafield ind1=' ' ind2='7' tag='650'><subfield code='a'>Politics and government</subfield><subfield code='2'>fast</subfield><subfield code='0'>(OCoLC)fst01919741</subfield></datafield><datafield ind1=' ' ind2='7' tag='650'><subfield code='a'>Right and left (Political science)</subfield><subfield code='2'>fast</subfield><subfield code='0'>(OCoLC)fst01097849</subfield></datafield><datafield ind1=' ' ind2='7' tag='650'><subfield code='a'>Social groups</subfield><subfield code='x'>Political aspects.</subfield><subfield code='2'>fast</subfield><subfield code='0'>(OCoLC)fst01122488</subfield></datafield><datafield ind1=' ' ind2='0' tag='651'><subfield code='a'>United States</subfield><subfield code='x'>Politics and government</subfield><subfield code='y'>21st century.</subfield></datafield><datafield ind1=' ' ind2='7' tag='651'><subfield code='a'>United States.</subfield><subfield code='2'>fast</subfield><subfield code='0'>(OCoLC)fst01204155</subfield></datafield><datafield ind1='1' ind2=' ' tag='700'><subfield code='a'>Crotty, William J.</subfield></datafield><datafield ind1=' ' ind2=' ' tag='902'><subfield code='a'>170226</subfield></datafield><datafield ind1=' ' ind2=' ' tag='907'><subfield code='a'>.b58400333</subfield><subfield code='b'>p    </subfield><subfield code='c'>-</subfield></datafield><datafield ind1=' ' ind2=' ' tag='945'><subfield code='l'>pstk </subfield><subfield code='g'>1</subfield></datafield><datafield ind1=' ' ind2=' ' tag='979'><subfield code='a'>ocn884480571</subfield></datafield><datafield ind1=' ' ind2=' ' tag='998'><subfield code='b'>1</subfield><subfield code='c'>150923</subfield><subfield code='d'>m</subfield><subfield code='e'>a</subfield><subfield code='f'>-</subfield><subfield code='g'>0</subfield></datafield><datafield ind1=' ' ind2=' ' tag='998'><subfield code='b'>1</subfield><subfield code='c'>150923</subfield><subfield code='d'>m</subfield><subfield code='e'>a</subfield><subfield code='f'>-</subfield><subfield code='g'>0</subfield></datafield><datafield ind1=' ' ind2=' ' tag='ADM'><subfield code='b'>2017-08-25 20:49:19</subfield><subfield code='e'>b58400333-01tuli_inst</subfield><subfield code='d'>ILS</subfield><subfield code='a'>2017-06-20 07:28:57</subfield><subfield code='c'>false</subfield></datafield><datafield ind1='0' ind2=' ' tag='HLD'><subfield code='b'>MAIN</subfield><subfield code='c'>stacks</subfield><subfield code='h'>JK1726</subfield><subfield code='i'>.P6 2015</subfield><subfield code='8'>22267230540003811</subfield></datafield><datafield ind1=' ' ind2=' ' tag='ITM'><subfield code='r'>22267230540003811</subfield><subfield code='b'>1</subfield><subfield code='h'>0</subfield><subfield code='g'>stacks</subfield><subfield code='t'>BOOK</subfield><subfield code='9'>39074028817930</subfield><subfield code='e'>stacks</subfield><subfield code='8'>23267230530003811</subfield><subfield code='a'>0</subfield><subfield code='q'>2017-06-20 07:28:57</subfield><subfield code='i'>JK1726 .P6 2015</subfield><subfield code='d'>MAIN</subfield><subfield code='f'>MAIN</subfield></datafield></record>