
<record xmlns='http://www.loc.gov/MARC21/slim'><leader>01572nam a2200445 a 4500</leader><controlfield tag='005'>20170825163619.0</controlfield><controlfield tag='008'>930819s1993    nyufab   b    001 0 eng  </controlfield><controlfield tag='001'>991031056419703811</controlfield><datafield ind1=' ' ind2=' ' tag='010'><subfield code='a'>92054972</subfield></datafield><datafield ind1=' ' ind2=' ' tag='020'><subfield code='a'>0801427932 (alk. paper : cloth)</subfield></datafield><datafield ind1=' ' ind2=' ' tag='020'><subfield code='a'>0801480698 (alk. paper : paper)</subfield></datafield><datafield ind1=' ' ind2=' ' tag='035'><subfield code='a'>(PPT)b16385378-01tuli_inst</subfield></datafield><datafield ind1=' ' ind2=' ' tag='035'><subfield code='a'>(CStRLIN)ocn476422254</subfield><subfield code='9'>ExL</subfield></datafield><datafield ind1=' ' ind2=' ' tag='035'><subfield code='a'>PATG93-B18336</subfield></datafield><datafield ind1=' ' ind2=' ' tag='035'><subfield code='a'>ocm27144158</subfield></datafield><datafield ind1=' ' ind2=' ' tag='035'><subfield code='a'>(OCLC)ocm27144158</subfield></datafield><datafield ind1=' ' ind2=' ' tag='040'><subfield code='a'>DLC</subfield><subfield code='c'>DLC</subfield><subfield code='d'>DLC</subfield><subfield code='d'>PPT</subfield></datafield><datafield ind1=' ' ind2=' ' tag='043'><subfield code='a'>r------</subfield></datafield><datafield ind1=' ' ind2=' ' tag='079'><subfield code='a'>ocm27144158</subfield></datafield><datafield ind1=' ' ind2=' ' tag='090'><subfield code='a'>JX4084.A68P64 1993</subfield></datafield><datafield ind1='0' ind2='0' tag='245'><subfield code='a'>Polar politics :</subfield><subfield code='b'>creating international environmental regimes /</subfield><subfield code='c'>edited by Oran R. Young and Gail Osherenko.</subfield></datafield><datafield ind1=' ' ind2=' ' tag='260'><subfield code='a'>Ithaca :</subfield><subfield code='b'>Cornell University Press,</subfield><subfield code='c'>1993.</subfield></datafield><datafield ind1=' ' ind2=' ' tag='300'><subfield code='a'>xi, 276 p., [1] leaf of plates :</subfield><subfield code='b'>ill., map ;</subfield><subfield code='c'>24 cm.</subfield></datafield><datafield ind1=' ' ind2='0' tag='440'><subfield code='a'>Cornell studies in political economy</subfield></datafield><datafield ind1=' ' ind2=' ' tag='504'><subfield code='a'>Includes bibliographical references and index.</subfield></datafield><datafield ind1=' ' ind2='0' tag='650'><subfield code='a'>Environmental law</subfield><subfield code='z'>Arctic regions.</subfield></datafield><datafield ind1=' ' ind2='0' tag='650'><subfield code='a'>Environmental law, International.</subfield></datafield><datafield ind1=' ' ind2='0' tag='650'><subfield code='a'>Environmental policy</subfield><subfield code='z'>Arctic regions</subfield><subfield code='x'>International cooperation.</subfield></datafield><datafield ind1=' ' ind2='0' tag='651'><subfield code='a'>Arctic regions</subfield><subfield code='x'>International status.</subfield></datafield><datafield ind1='1' ind2='0' tag='700'><subfield code='a'>Young, Oran R.</subfield></datafield><datafield ind1='1' ind2='0' tag='700'><subfield code='a'>Osherenko, Gail.</subfield></datafield><datafield ind1=' ' ind2=' ' tag='902'><subfield code='a'>110511</subfield></datafield><datafield ind1=' ' ind2=' ' tag='907'><subfield code='a'>.b16385378</subfield><subfield code='b'>p    </subfield><subfield code='c'>-</subfield></datafield><datafield ind1=' ' ind2=' ' tag='935'><subfield code='a'>00696453</subfield></datafield><datafield ind1=' ' ind2=' ' tag='945'><subfield code='l'>pstk </subfield><subfield code='g'>1</subfield></datafield><datafield ind1=' ' ind2=' ' tag='950'><subfield code='l'>P</subfield><subfield code='i'>08/19/93 N</subfield></datafield><datafield ind1=' ' ind2=' ' tag='955'><subfield code='l'>P</subfield><subfield code='c'>0</subfield><subfield code='r'>39074008294936</subfield><subfield code='i'>08/19/93 C</subfield></datafield><datafield ind1=' ' ind2=' ' tag='979'><subfield code='a'>ocm27144158</subfield></datafield><datafield ind1=' ' ind2=' ' tag='998'><subfield code='b'>1</subfield><subfield code='c'>990101</subfield><subfield code='d'>m</subfield><subfield code='e'>a</subfield><subfield code='f'>-</subfield><subfield code='g'>0</subfield></datafield><datafield ind1=' ' ind2=' ' tag='998'><subfield code='a'>08/19/93</subfield><subfield code='t'>c</subfield><subfield code='s'>9110</subfield><subfield code='n'>PPT</subfield><subfield code='w'>DCLC9254972B</subfield><subfield code='d'>08/19/93</subfield><subfield code='c'>MFK</subfield><subfield code='b'>MK</subfield><subfield code='i'>930819</subfield><subfield code='l'>PATG</subfield></datafield><datafield ind1=' ' ind2=' ' tag='ADM'><subfield code='b'>2017-08-25 20:36:19</subfield><subfield code='e'>b16385378-01tuli_inst</subfield><subfield code='d'>ILS</subfield><subfield code='a'>2017-06-20 06:39:34</subfield><subfield code='c'>false</subfield></datafield><datafield ind1='0' ind2=' ' tag='HLD'><subfield code='b'>MAIN</subfield><subfield code='c'>stacks</subfield><subfield code='h'>JX4084.A68P64 1993</subfield><subfield code='8'>22252081100003811</subfield></datafield><datafield ind1=' ' ind2=' ' tag='ITM'><subfield code='r'>22252081100003811</subfield><subfield code='b'>1</subfield><subfield code='h'>0</subfield><subfield code='g'>stacks</subfield><subfield code='t'>BOOK</subfield><subfield code='9'>39074008294936</subfield><subfield code='e'>stacks</subfield><subfield code='8'>23252081090003811</subfield><subfield code='a'>0</subfield><subfield code='q'>2017-06-20 06:39:34</subfield><subfield code='i'>JX4084.A68P64 1993</subfield><subfield code='d'>MAIN</subfield><subfield code='f'>MAIN</subfield></datafield></record>