
<record xmlns='http://www.loc.gov/MARC21/slim'><leader>01319nam a2200409 a 4500</leader><controlfield tag='005'>20170826033223.0</controlfield><controlfield tag='008'>000324s2000    dcua     b    001 0 eng  </controlfield><controlfield tag='001'>991011946469703811</controlfield><datafield ind1=' ' ind2=' ' tag='010'><subfield code='a'>99059253</subfield></datafield><datafield ind1=' ' ind2=' ' tag='020'><subfield code='a'>1568024940 (casebound : alk. paper)</subfield></datafield><datafield ind1=' ' ind2=' ' tag='020'><subfield code='a'>1568024932 (paperback)</subfield></datafield><datafield ind1=' ' ind2=' ' tag='035'><subfield code='a'>(PPT)b21149379-01tuli_inst</subfield></datafield><datafield ind1=' ' ind2=' ' tag='035'><subfield code='a'>(CStRLIN)ocn475760171</subfield><subfield code='9'>ExL</subfield></datafield><datafield ind1=' ' ind2=' ' tag='035'><subfield code='a'>PATG00-B5973</subfield></datafield><datafield ind1=' ' ind2=' ' tag='035'><subfield code='a'>ocm42955082</subfield></datafield><datafield ind1=' ' ind2=' ' tag='035'><subfield code='a'>(OCLC)ocm42955082</subfield></datafield><datafield ind1=' ' ind2=' ' tag='040'><subfield code='a'>DLC</subfield><subfield code='c'>DLC</subfield><subfield code='d'>PPT</subfield></datafield><datafield ind1=' ' ind2=' ' tag='042'><subfield code='a'>pcc</subfield></datafield><datafield ind1=' ' ind2=' ' tag='043'><subfield code='a'>n-us---</subfield></datafield><datafield ind1=' ' ind2=' ' tag='079'><subfield code='a'>ocm42955082</subfield></datafield><datafield ind1=' ' ind2=' ' tag='090'><subfield code='a'>JK585</subfield><subfield code='b'>.P65 2000</subfield></datafield><datafield ind1='0' ind2='0' tag='245'><subfield code='a'>Polarized politics :</subfield><subfield code='b'>congress and the president in a partisan era /</subfield><subfield code='c'>edited by Jon R. Bond and Richard Fleisher.</subfield></datafield><datafield ind1=' ' ind2=' ' tag='260'><subfield code='a'>Washington, DC :</subfield><subfield code='b'>CQ Press,</subfield><subfield code='c'>2000.</subfield></datafield><datafield ind1=' ' ind2=' ' tag='300'><subfield code='a'>xix, 226 p. :</subfield><subfield code='b'>ill. ;</subfield><subfield code='c'>23 cm.</subfield></datafield><datafield ind1=' ' ind2=' ' tag='504'><subfield code='a'>Includes bibliographical references and index.</subfield></datafield><datafield ind1=' ' ind2='0' tag='650'><subfield code='a'>Presidents</subfield><subfield code='z'>United States.</subfield></datafield><datafield ind1='1' ind2='0' tag='610'><subfield code='a'>United States.</subfield><subfield code='b'>Congress</subfield></datafield><datafield ind1='1' ind2=' ' tag='700'><subfield code='a'>Bond, Jon R.</subfield></datafield><datafield ind1='1' ind2=' ' tag='700'><subfield code='a'>Fleisher, Richard.</subfield></datafield><datafield ind1=' ' ind2='1' tag='901'><subfield code='i'>39074013991724</subfield><subfield code='l'>pstk</subfield><subfield code='a'>JK585</subfield><subfield code='b'>.P65 2000</subfield><subfield code='t'>0</subfield><subfield code='s'>-</subfield><subfield code='z'>090</subfield></datafield><datafield ind1=' ' ind2=' ' tag='902'><subfield code='a'>141215</subfield></datafield><datafield ind1=' ' ind2=' ' tag='907'><subfield code='a'>.b21149379</subfield><subfield code='b'>p    </subfield><subfield code='c'>-</subfield></datafield><datafield ind1=' ' ind2=' ' tag='945'><subfield code='l'>pstk </subfield><subfield code='g'>1</subfield></datafield><datafield ind1=' ' ind2=' ' tag='950'><subfield code='l'>P</subfield></datafield><datafield ind1=' ' ind2=' ' tag='979'><subfield code='a'>ocm42955082</subfield></datafield><datafield ind1=' ' ind2=' ' tag='998'><subfield code='b'>1</subfield><subfield code='c'>000327</subfield><subfield code='d'>m</subfield><subfield code='e'>a</subfield><subfield code='f'>-</subfield><subfield code='g'>0</subfield></datafield><datafield ind1=' ' ind2=' ' tag='998'><subfield code='a'>03/24/00</subfield><subfield code='t'>c</subfield><subfield code='s'>9110</subfield><subfield code='l'>PATG</subfield><subfield code='n'>PPT</subfield><subfield code='w'>DCLC9959253B</subfield><subfield code='d'>03/24/00</subfield><subfield code='c'>RM </subfield><subfield code='b'>RF</subfield></datafield><datafield ind1=' ' ind2=' ' tag='ADM'><subfield code='b'>2018-03-25 09:21:13</subfield><subfield code='e'>b21149379-01tuli_inst</subfield><subfield code='d'>ILS</subfield><subfield code='a'>2017-06-20 08:42:20</subfield><subfield code='c'>false</subfield></datafield><datafield ind1='0' ind2=' ' tag='HLD'><subfield code='b'>MAIN</subfield><subfield code='c'>stacks</subfield><subfield code='h'>JK585</subfield><subfield code='i'>.P65 2000</subfield><subfield code='8'>22285532530003811</subfield></datafield><datafield ind1=' ' ind2=' ' tag='ITM'><subfield code='r'>22285532530003811</subfield><subfield code='b'>1</subfield><subfield code='h'>0</subfield><subfield code='g'>stacks</subfield><subfield code='t'>BOOK</subfield><subfield code='9'>39074013991724</subfield><subfield code='e'>stacks</subfield><subfield code='8'>23285532510003811</subfield><subfield code='a'>0</subfield><subfield code='q'>2017-06-20 08:42:20</subfield><subfield code='i'>JK585 .P65 2000</subfield><subfield code='d'>MAIN</subfield><subfield code='f'>MAIN</subfield></datafield></record>