
<record xmlns='http://www.loc.gov/MARC21/slim'><leader>02536pam  2200529 i 4500</leader><controlfield tag='005'>20171114132828.0</controlfield><controlfield tag='008'>170328t20172017cou      b    001 0 eng  </controlfield><controlfield tag='001'>991036840399903811</controlfield><datafield ind1=' ' ind2=' ' tag='010'><subfield code='a'>  2017008367</subfield></datafield><datafield ind1=' ' ind2=' ' tag='020'><subfield code='a'>9781626375895</subfield><subfield code='q'>(hc ;</subfield><subfield code='q'>alk. paper)</subfield></datafield><datafield ind1=' ' ind2=' ' tag='020'><subfield code='a'>1626375895</subfield><subfield code='q'>(hc ;</subfield><subfield code='q'>alk. paper)</subfield></datafield><datafield ind1=' ' ind2=' ' tag='035'><subfield code='a'>(OCoLC)1011163828</subfield></datafield><datafield ind1=' ' ind2=' ' tag='040'><subfield code='a'>DLC</subfield><subfield code='b'>eng</subfield><subfield code='e'>rda</subfield><subfield code='c'>DLC</subfield><subfield code='d'>OCLCO</subfield><subfield code='d'>BDX</subfield><subfield code='d'>OCLCF</subfield></datafield><datafield ind1=' ' ind2=' ' tag='042'><subfield code='a'>pcc</subfield></datafield><datafield ind1=' ' ind2=' ' tag='043'><subfield code='a'>s-ve---</subfield></datafield><datafield ind1='0' ind2='0' tag='050'><subfield code='a'>JL3881</subfield><subfield code='b'>.M35 2017</subfield></datafield><datafield ind1='0' ind2='0' tag='082'><subfield code='a'>987.06/42</subfield><subfield code='2'>23</subfield></datafield><datafield ind1='1' ind2=' ' tag='100'><subfield code='a'>MalleÌ&amp;#x0081;n, Ana L.,</subfield><subfield code='e'>author.</subfield></datafield><datafield ind1='1' ind2='0' tag='245'><subfield code='a'>Venezuela&apos;s polarized politics :</subfield><subfield code='b'>the paradox of direct democracy under ChaÌ&amp;#x0081;vez /</subfield><subfield code='c'>Ana L. Mallen and MariÌ&amp;#x0081;a Pilar GarciÌ&amp;#x0081;a-Guadilla.</subfield></datafield><datafield ind1=' ' ind2='1' tag='264'><subfield code='a'>Boulder, Colorado :</subfield><subfield code='b'>First Forum Press, a division of Lynne Rienner Publishing, Inc.,</subfield><subfield code='c'>2017.</subfield></datafield><datafield ind1=' ' ind2='4' tag='264'><subfield code='c'>©2017</subfield></datafield><datafield ind1=' ' ind2=' ' tag='300'><subfield code='a'>ix, 171 pages ;</subfield><subfield code='c'>24 cm</subfield></datafield><datafield ind1=' ' ind2=' ' tag='336'><subfield code='a'>text</subfield><subfield code='b'>txt</subfield><subfield code='2'>rdacontent</subfield></datafield><datafield ind1=' ' ind2=' ' tag='337'><subfield code='a'>unmediated</subfield><subfield code='b'>n</subfield><subfield code='2'>rdamedia</subfield></datafield><datafield ind1=' ' ind2=' ' tag='338'><subfield code='a'>volume</subfield><subfield code='b'>nc</subfield><subfield code='2'>rdacarrier</subfield></datafield><datafield ind1=' ' ind2=' ' tag='504'><subfield code='a'>Includes bibliographical references (pages 151-162) and index.</subfield></datafield><datafield ind1='0' ind2=' ' tag='505'><subfield code='a'>Polarization and democracy in Venezuela -- Participatory democracy and the public sphere -- Political ghettos in Caracas -- Media wars -- The fragmentation of the public sphere -- The new student movement : dreams of unity -- Unabated polarization in Venezuela.</subfield></datafield><datafield ind1=' ' ind2=' ' tag='520'><subfield code='a'>&quot;Explores how participatory democracy led to profound social polarization in Venezuela.&quot;--</subfield><subfield code='c'>Provided by publisher.</subfield></datafield><datafield ind1='1' ind2='0' tag='600'><subfield code='a'>ChaÌ&amp;#x0081;vez FriÌ&amp;#x0081;as, Hugo.</subfield></datafield><datafield ind1='1' ind2='7' tag='600'><subfield code='a'>ChaÌ&amp;#x0081;vez FriÌ&amp;#x0081;as, Hugo.</subfield><subfield code='2'>fast</subfield><subfield code='0'>(OCoLC)fst00331187</subfield></datafield><datafield ind1=' ' ind2='7' tag='648'><subfield code='a'>Since 1999</subfield><subfield code='2'>fast</subfield></datafield><datafield ind1=' ' ind2='0' tag='650'><subfield code='a'>Political participation</subfield><subfield code='z'>Venezuela.</subfield></datafield><datafield ind1=' ' ind2='0' tag='650'><subfield code='a'>Direct democracy</subfield><subfield code='z'>Venezuela.</subfield></datafield><datafield ind1=' ' ind2='0' tag='650'><subfield code='a'>Polarization (Social sciences)</subfield><subfield code='z'>Venezuela.</subfield></datafield><datafield ind1=' ' ind2='7' tag='650'><subfield code='a'>Direct democracy.</subfield><subfield code='2'>fast</subfield><subfield code='0'>(OCoLC)fst00894534</subfield></datafield><datafield ind1=' ' ind2='7' tag='650'><subfield code='a'>Polarization (Social sciences)</subfield><subfield code='2'>fast</subfield><subfield code='0'>(OCoLC)fst01068309</subfield></datafield><datafield ind1=' ' ind2='7' tag='650'><subfield code='a'>Political participation.</subfield><subfield code='2'>fast</subfield><subfield code='0'>(OCoLC)fst01069386</subfield></datafield><datafield ind1=' ' ind2='7' tag='650'><subfield code='a'>Politics and government.</subfield><subfield code='2'>fast</subfield><subfield code='0'>(OCoLC)fst01919741</subfield></datafield><datafield ind1=' ' ind2='0' tag='651'><subfield code='a'>Venezuela</subfield><subfield code='x'>Politics and government</subfield><subfield code='y'>1999-</subfield></datafield><datafield ind1=' ' ind2='7' tag='651'><subfield code='a'>Venezuela.</subfield><subfield code='2'>fast</subfield><subfield code='0'>(OCoLC)fst01204166</subfield></datafield><datafield ind1='1' ind2=' ' tag='700'><subfield code='a'>GarciÌ&amp;#x0081;a Guadilla, MariÌ&amp;#x0081;a-Pilar,</subfield><subfield code='e'>author.</subfield></datafield><datafield ind1=' ' ind2='1' tag='945'><subfield code='i'>39074026702282</subfield><subfield code='k'>MAIN</subfield><subfield code='l'>stacks</subfield><subfield code='a'>JL3881</subfield><subfield code='b'>.M35 2017</subfield><subfield code='z'>090</subfield></datafield><datafield ind1=' ' ind2=' ' tag='960'><subfield code='k'>MAIN</subfield><subfield code='l'>stacks</subfield></datafield><datafield ind1=' ' ind2=' ' tag='979'><subfield code='a'>(OCoLC)1011163828</subfield></datafield><datafield ind1=' ' ind2=' ' tag='979'><subfield code='a'>991036840399903811</subfield></datafield><datafield ind1=' ' ind2=' ' tag='980'><subfield code='a'>10-25-17</subfield><subfield code='b'>7500</subfield><subfield code='e'>6037</subfield><subfield code='f'>I20105759</subfield></datafield><datafield ind1=' ' ind2=' ' tag='981'><subfield code='a'>Coutt</subfield><subfield code='b'>cthua</subfield><subfield code='d'>35750411</subfield><subfield code='e'>SLI</subfield><subfield code='k'>MAIN</subfield><subfield code='l'>stacks</subfield></datafield><datafield ind1=' ' ind2=' ' tag='997'><subfield code='a'>20171108</subfield><subfield code='d'>TEU</subfield><subfield code='c'>COUTTS SR</subfield><subfield code='e'>WCAT</subfield><subfield code='e'>MARCIVE</subfield></datafield><datafield ind1=' ' ind2=' ' tag='ADM'><subfield code='b'>2017-12-05 19:24:24</subfield><subfield code='e'>ocn980858497</subfield><subfield code='d'>MARCIVE</subfield><subfield code='f'>20171114132828.0</subfield><subfield code='a'>2017-10-26 15:00:14</subfield><subfield code='c'>false</subfield></datafield><datafield ind1='0' ind2=' ' tag='HLD'><subfield code='b'>MAIN</subfield><subfield code='c'>stacks</subfield><subfield code='h'>JL3881</subfield><subfield code='i'>.M35 2017</subfield><subfield code='8'>22401987370003811</subfield></datafield><datafield ind1=' ' ind2=' ' tag='ITM'><subfield code='r'>22401987370003811</subfield><subfield code='b'>1</subfield><subfield code='h'>0</subfield><subfield code='g'>stacks</subfield><subfield code='t'>BOOK</subfield><subfield code='9'>39074026702282</subfield><subfield code='e'>stacks</subfield><subfield code='l'>0</subfield><subfield code='8'>23401987350003811</subfield><subfield code='j'>0</subfield><subfield code='a'>0</subfield><subfield code='q'>2017-10-26 15:00:55</subfield><subfield code='i'>JL3881 .M35 2017</subfield><subfield code='d'>MAIN</subfield><subfield code='f'>MAIN</subfield></datafield></record>