
<record xmlns='http://www.loc.gov/MARC21/slim'><leader>01735nam  2200445 i 4500</leader><controlfield tag='006'>m     o  d |      </controlfield><controlfield tag='007'>cr cnu||||||||</controlfield><controlfield tag='008'>170726t20172017enkab   ob    001 0 eng d</controlfield><controlfield tag='001'>991036849728803811</controlfield><datafield ind1=' ' ind2=' ' tag='020'><subfield code='a'>9781138212060</subfield></datafield><datafield ind1=' ' ind2=' ' tag='020'><subfield code='a'>9781315451404 (Proquest Ebook Central)</subfield></datafield><datafield ind1=' ' ind2=' ' tag='020'><subfield code='a'>1315451409</subfield></datafield><datafield ind1=' ' ind2=' ' tag='020'><subfield code='a'>9781315451404</subfield></datafield><datafield ind1=' ' ind2=' ' tag='035'><subfield code='a'>(MiAaPQ)EBC4898781</subfield></datafield><datafield ind1=' ' ind2=' ' tag='035'><subfield code='a'>(OCoLC)993769886</subfield></datafield><datafield ind1=' ' ind2=' ' tag='035'><subfield code='a'>(CaONFJC)EBC4898781</subfield></datafield><datafield ind1=' ' ind2=' ' tag='037'><subfield code='a'>4898781</subfield><subfield code='b'>Proquest Ebook Central</subfield></datafield><datafield ind1=' ' ind2=' ' tag='040'><subfield code='a'>CaONFJC</subfield><subfield code='e'>rda</subfield><subfield code='c'>CaONFJC</subfield></datafield><datafield ind1=' ' ind2='4' tag='050'><subfield code='a'>JZ1318</subfield><subfield code='b'>.K673 2017</subfield></datafield><datafield ind1='0' ind2=' ' tag='082'><subfield code='a'>341.2</subfield><subfield code='2'>23</subfield></datafield><datafield ind1='1' ind2=' ' tag='100'><subfield code='a'>Kopalyan, Nerses,</subfield><subfield code='e'>author.</subfield></datafield><datafield ind1='1' ind2='0' tag='245'><subfield code='a'>World political systems after polarity /</subfield><subfield code='c'>Nerses Kopalyan.</subfield></datafield><datafield ind1=' ' ind2='1' tag='264'><subfield code='a'>London, [England] ;</subfield><subfield code='a'>New York, New York :</subfield><subfield code='b'>Routledge,</subfield><subfield code='c'>2017.</subfield></datafield><datafield ind1=' ' ind2='4' tag='264'><subfield code='c'>©2017</subfield></datafield><datafield ind1=' ' ind2=' ' tag='300'><subfield code='a'>1 online resource (219 pages) :</subfield><subfield code='b'>illustrations, tables, maps</subfield></datafield><datafield ind1=' ' ind2=' ' tag='336'><subfield code='a'>text</subfield><subfield code='b'>txt</subfield><subfield code='2'>rdacontent</subfield></datafield><datafield ind1=' ' ind2=' ' tag='337'><subfield code='a'>computer</subfield><subfield code='b'>c</subfield><subfield code='2'>rdamedia</subfield></datafield><datafield ind1=' ' ind2=' ' tag='338'><subfield code='a'>online resource</subfield><subfield code='b'>cr</subfield><subfield code='2'>rdacarrier</subfield></datafield><datafield ind1=' ' ind2=' ' tag='504'><subfield code='a'>Includes bibliographical references at the end of each chapters and index.</subfield></datafield><datafield ind1=' ' ind2=' ' tag='588'><subfield code='a'>Description based on print version record.</subfield></datafield><datafield ind1=' ' ind2='0' tag='650'><subfield code='a'>International organization.</subfield></datafield><datafield ind1=' ' ind2='0' tag='650'><subfield code='a'>World politics</subfield><subfield code='y'>21st century.</subfield></datafield><datafield ind1='2' ind2=' ' tag='710'><subfield code='a'>Ebook Central</subfield></datafield><datafield ind1='0' ind2='8' tag='776'><subfield code='i'>Print version:</subfield><subfield code='a'>Kopalyan, Nerses.</subfield><subfield code='t'>World political systems after polarity.</subfield><subfield code='d'>London, [England] ; New York, New York : Routledge, c2017 </subfield><subfield code='h'>ix, 219 pages </subfield><subfield code='z'>9781138212060 </subfield><subfield code='w'>2016058653</subfield></datafield><datafield ind1='2' ind2=' ' tag='797'><subfield code='a'>ProQuest (Firm)</subfield></datafield><datafield ind1='4' ind2='0' tag='856'><subfield code='u'>http://ebookcentral.proquest.com/lib/templeuniv-ebooks/detail.action?docID=4898781</subfield></datafield><datafield ind1=' ' ind2='1' tag='945'><subfield code='l'>w</subfield><subfield code='a'>JZ1318</subfield><subfield code='b'>.K673 2017</subfield><subfield code='s'>e</subfield><subfield code='t'>29</subfield><subfield code='z'>090</subfield></datafield><datafield ind1=' ' ind2=' ' tag='979'><subfield code='a'>EBC4898781</subfield></datafield><datafield ind1=' ' ind2=' ' tag='980'><subfield code='b'>&lt;listprice100.0+0&gt;</subfield><subfield code='e'>&lt;netprice100.0+0&gt;</subfield><subfield code='f'>I</subfield><subfield code='g'>1</subfield></datafield><datafield ind1=' ' ind2=' ' tag='981'><subfield code='a'>Coutts</subfield><subfield code='b'>ctpdf</subfield><subfield code='c'>w</subfield><subfield code='d'>37629420</subfield><subfield code='e'>SLI</subfield></datafield><datafield ind1=' ' ind2=' ' tag='ADM'><subfield code='b'>2017-11-30 18:00:19</subfield><subfield code='e'>EBC4898781</subfield><subfield code='d'>COUTTS</subfield><subfield code='a'>2017-11-30 18:00:23</subfield><subfield code='c'>false</subfield></datafield><datafield ind1=' ' ind2=' ' tag='PRT'><subfield code='a'>53403938700003811</subfield><subfield code='b'>https://sandbox01-na.alma.exlibrisgroup.com/view/uresolver/01TULI_INST/openurl?u.ignore_date_coverage=true&amp;rft.mms_id=991036849728803811</subfield><subfield code='9'>Available</subfield><subfield code='c'>Ebook Central</subfield><subfield code='8'>53403938700003811</subfield></datafield></record>