
<record xmlns='http://www.loc.gov/MARC21/slim'><leader>02279nam a22003373u 4500</leader><controlfield tag='001'>991036817008603811</controlfield><controlfield tag='005'>20130418052941.0</controlfield><controlfield tag='006'>m        d        </controlfield><controlfield tag='007'>cr -n---------</controlfield><controlfield tag='008'>130418s2012|||||||     s|||||||||||eng|d</controlfield><datafield ind1=' ' ind2=' ' tag='020'><subfield code='e'>1-59403-579-2</subfield></datafield><datafield ind1=' ' ind2=' ' tag='020'><subfield code='a'>1-59403-578-4</subfield></datafield><datafield ind1=' ' ind2=' ' tag='035'><subfield code='a'>(CKB)2670000000178787</subfield></datafield><datafield ind1=' ' ind2=' ' tag='035'><subfield code='a'>(EBL)895163</subfield></datafield><datafield ind1=' ' ind2=' ' tag='035'><subfield code='a'>(OCoLC)787843881</subfield></datafield><datafield ind1=' ' ind2=' ' tag='035'><subfield code='a'>(SSID)ssj0000622646</subfield></datafield><datafield ind1=' ' ind2=' ' tag='035'><subfield code='a'>(PQKBManifestationID)12273243</subfield></datafield><datafield ind1=' ' ind2=' ' tag='035'><subfield code='a'>(PQKBTitleCode)TC0000622646</subfield></datafield><datafield ind1=' ' ind2=' ' tag='035'><subfield code='a'>(PQKBWorkID)10642463</subfield></datafield><datafield ind1=' ' ind2=' ' tag='035'><subfield code='a'>(PQKB)11518848</subfield></datafield><datafield ind1=' ' ind2=' ' tag='035'><subfield code='a'>(EXLCZ)992670000000178787</subfield></datafield><datafield ind1=' ' ind2=' ' tag='040'><subfield code='a'>AU-PeEL</subfield><subfield code='b'>eng</subfield><subfield code='c'>AU-PeEL</subfield><subfield code='d'>AU-PeEL</subfield></datafield><datafield ind1=' ' ind2=' ' tag='041'><subfield code='a'>eng</subfield></datafield><datafield ind1=' ' ind2='4' tag='050'><subfield code='a'>JC573.2.U6 M349 2011</subfield></datafield><datafield ind1='0' ind2='0' tag='082'><subfield code='a'>320.520973</subfield></datafield><datafield ind1='1' ind2=' ' tag='100'><subfield code='a'>Bell, Jeffrey.</subfield></datafield><datafield ind1='1' ind2='4' tag='245'><subfield code='a'>The Case for Polarized Politics</subfield><subfield code='h'>[electronic resource] :</subfield><subfield code='b'>Why America Needs Social Conservatism</subfield></datafield><datafield ind1=' ' ind2=' ' tag='246'><subfield code='a'>Case for Polarized Politics </subfield></datafield><datafield ind1=' ' ind2=' ' tag='260'><subfield code='a'>New York :</subfield><subfield code='b'>Encounter Books,</subfield><subfield code='c'>2012.</subfield></datafield><datafield ind1=' ' ind2=' ' tag='300'><subfield code='a'>1 online resource (329 p.)</subfield></datafield><datafield ind1=' ' ind2=' ' tag='336'><subfield code='a'>text</subfield><subfield code='b'>txt</subfield></datafield><datafield ind1=' ' ind2=' ' tag='337'><subfield code='a'>computer</subfield><subfield code='b'>c</subfield></datafield><datafield ind1=' ' ind2=' ' tag='338'><subfield code='a'>online resource</subfield><subfield code='b'>cr</subfield></datafield><datafield ind1=' ' ind2=' ' tag='500'><subfield code='a'>Description based upon print version of record.</subfield></datafield><datafield ind1='0' ind2=' ' tag='505'><subfield code='a'>Contents; Introduction; Part I: The Rise of Social Conservatism; Social and Religious Realignment; The Big Tent; The Red and the Blue; George W. Bush: Faith-Based Presidency; The Age of Polarization; The Ending of Polarization?; Part II: Social Conservatism: Origin and Future; Where Does It Come From?; Counter attack on Equality; The End of Europe; The Global Future of Social Conservatism; Index; Acknowledgements</subfield></datafield><datafield ind1=' ' ind2=' ' tag='520'><subfield code='a'>Because no movement resembling American social conservatism exists in any other affluent democracy, it is widely seen as a ?retro&quot; phenomenon soon to disappear, a sure casualty of globalization.Author and political activist Jeffrey Bell argues that social conservatism is uniquely American precisely because it&apos;s an outgrowth of American exceptionalism. It exists here because our founding principles, centering on the belief that we receive equal rights from God rather than from government, remain popular among American voters?if not at elite institutions.Bell argues that uph</subfield></datafield><datafield ind1=' ' ind2=' ' tag='546'><subfield code='a'>English</subfield></datafield><datafield ind1=' ' ind2='4' tag='650'><subfield code='a'>Conservatism - United States - History.</subfield></datafield><datafield ind1=' ' ind2='4' tag='650'><subfield code='a'>Conservatism -- United States -- History.</subfield></datafield><datafield ind1=' ' ind2='4' tag='650'><subfield code='a'>United States - Politics and government - Philosophy.</subfield></datafield><datafield ind1=' ' ind2='4' tag='650'><subfield code='a'>United States -- Politics and government -- Philosophy.</subfield></datafield><datafield ind1=' ' ind2='0' tag='655'><subfield code='a'>Electronic books.</subfield></datafield><datafield ind1=' ' ind2='0' tag='650'><subfield code='a'>Conservatism</subfield><subfield code='x'>History</subfield><subfield code='z'>United States</subfield></datafield><datafield ind1=' ' ind2='7' tag='650'><subfield code='a'>Law, Politics &amp; Government</subfield><subfield code='2'>HILCC</subfield></datafield><datafield ind1=' ' ind2='7' tag='650'><subfield code='a'>Human Rights</subfield><subfield code='2'>HILCC</subfield></datafield><datafield ind1=' ' ind2=' ' tag='906'><subfield code='a'>BOOK</subfield></datafield><datafield ind1=' ' ind2=' ' tag='PRT'><subfield code='a'>53396352580003811</subfield><subfield code='b'>https://sandbox01-na.alma.exlibrisgroup.com/view/uresolver/01TULI_INST/openurl?u.ignore_date_coverage=true&amp;rft.mms_id=991036817008603811</subfield><subfield code='e'>EBSCOhost</subfield><subfield code='c'>EBSCOhost eBook Community College Collection</subfield><subfield code='h'>613860000000000003</subfield><subfield code='8'>53396352580003811</subfield></datafield><datafield ind1=' ' ind2=' ' tag='PRT'><subfield code='a'>53394593910003811</subfield><subfield code='b'>https://sandbox01-na.alma.exlibrisgroup.com/view/uresolver/01TULI_INST/openurl?u.ignore_date_coverage=true&amp;rft.mms_id=991036817008603811</subfield><subfield code='e'>EBSCOhost</subfield><subfield code='c'>EBSCOhost Academic eBook Collection (North America)</subfield><subfield code='h'>613640000000000029</subfield><subfield code='8'>53394593910003811</subfield></datafield></record>