
<record xmlns='http://www.loc.gov/MARC21/slim'><leader>02466cam a2200457 a 4500</leader><controlfield tag='006'>m     o  d</controlfield><controlfield tag='007'>cr mn ||||||||</controlfield><controlfield tag='008'>070830s2007    caua    ob    000 0 eng d</controlfield><controlfield tag='001'>991036325059703811</controlfield><datafield ind1=' ' ind2=' ' tag='010'><subfield code='a'>2007035973</subfield></datafield><datafield ind1=' ' ind2=' ' tag='020'><subfield code='a'>0833042203 (pbk. : alk. paper)</subfield></datafield><datafield ind1=' ' ind2=' ' tag='020'><subfield code='a'>9780833042200 (pbk. : alk. paper)</subfield></datafield><datafield ind1=' ' ind2=' ' tag='027'><subfield code='a'>RAND/OP-197-PV/EMR</subfield></datafield><datafield ind1=' ' ind2=' ' tag='035'><subfield code='a'>(PPT)b54979444-01tuli_inst</subfield></datafield><datafield ind1=' ' ind2=' ' tag='035'><subfield code='a'>(Sirsi) lc513484</subfield></datafield><datafield ind1=' ' ind2=' ' tag='037'><subfield code='c'>$20.00</subfield><subfield code='f'>paperback</subfield></datafield><datafield ind1=' ' ind2=' ' tag='043'><subfield code='a'>n-us---</subfield></datafield><datafield ind1=' ' ind2=' ' tag='090'><subfield code='a'>JK2261</subfield><subfield code='b'>.E478 2007eb</subfield></datafield><datafield ind1='1' ind2=' ' tag='100'><subfield code='a'>Epstein, Diana.</subfield></datafield><datafield ind1='1' ind2='0' tag='245'><subfield code='a'>Polarized politics and policy consequences</subfield><subfield code='h'>[electronic resource] /</subfield><subfield code='c'>Diana Epstein, John D. Graham.</subfield></datafield><datafield ind1=' ' ind2=' ' tag='260'><subfield code='a'>Santa Monica, CA :</subfield><subfield code='b'>RAND,</subfield><subfield code='c'>2007.</subfield></datafield><datafield ind1=' ' ind2=' ' tag='300'><subfield code='a'>1 online resource</subfield></datafield><datafield ind1='1' ind2=' ' tag='490'><subfield code='a'>Occasional paper ;</subfield><subfield code='v'>197</subfield></datafield><datafield ind1=' ' ind2=' ' tag='504'><subfield code='a'>Includes bibliographical references (p. 27-28).</subfield></datafield><datafield ind1='0' ind2=' ' tag='505'><subfield code='a'>Polarization in the United States -- History and Causes -- Consequences of Polarization -- Potential Remedies -- Future Directions.</subfield></datafield><datafield ind1=' ' ind2=' ' tag='520'><subfield code='a'>To elucidate the impact of polarization on the daily lives of U.S. citizens, the research community may need to modify its benchmarks for what constitutes a successful public policy. The authors suggest that we need a better understanding of how polarization affects the quantity and substance of rulemaking, regulations, and judicial decisions. We also need to examine the effects of partisan polarization at the state and local levels of government, how much polarization complicates the conduct of defense and foreign policy, and precisely how polarization affects different policy areas. The publication should be of interest to members of Congress, presidential candidates, civil servants, political scientists, reporters, and stakeholders seeking to influence public policy.</subfield></datafield><datafield ind1=' ' ind2=' ' tag='588'><subfield code='a'>Description based on print version record.</subfield></datafield><datafield ind1=' ' ind2='0' tag='650'><subfield code='a'>Political parties</subfield><subfield code='z'>United States.</subfield></datafield><datafield ind1=' ' ind2='0' tag='650'><subfield code='a'>Polarization (Social sciences)</subfield></datafield><datafield ind1=' ' ind2='0' tag='650'><subfield code='a'>Party affiliation</subfield><subfield code='z'>United States.</subfield></datafield><datafield ind1=' ' ind2='0' tag='651'><subfield code='a'>United States</subfield><subfield code='x'>Politics and government.</subfield></datafield><datafield ind1=' ' ind2='0' tag='655'><subfield code='a'>Electronic books.</subfield></datafield><datafield ind1='1' ind2=' ' tag='700'><subfield code='a'>Graham, John D.</subfield><subfield code='q'>(John David),</subfield><subfield code='d'>1956-</subfield></datafield><datafield ind1='2' ind2=' ' tag='710'><subfield code='a'>Pardee Rand Graduate School.</subfield></datafield><datafield ind1='2' ind2=' ' tag='710'><subfield code='a'>Rand Corporation.</subfield></datafield><datafield ind1=' ' ind2='0' tag='830'><subfield code='a'>Occasional paper (RAND Graduate School) ;</subfield><subfield code='v'>197.</subfield></datafield><datafield ind1='4' ind2='0' tag='856'><subfield code='z'>Access full text online.</subfield><subfield code='u'>http://www.rand.org/pubs/occasional_papers/OP197/</subfield></datafield><datafield ind1=' ' ind2=' ' tag='907'><subfield code='a'>.b54979444</subfield><subfield code='b'>w    </subfield><subfield code='c'>-</subfield></datafield><datafield ind1=' ' ind2=' ' tag='902'><subfield code='a'>130919</subfield></datafield><datafield ind1=' ' ind2=' ' tag='998'><subfield code='b'>1</subfield><subfield code='c'>130921</subfield><subfield code='d'>m</subfield><subfield code='e'>@</subfield><subfield code='f'>-</subfield><subfield code='g'>0</subfield></datafield><datafield ind1=' ' ind2=' ' tag='902'><subfield code='a'>RAND Publications 2013-09-12</subfield></datafield><datafield ind1=' ' ind2=' ' tag='945'><subfield code='l'>w    </subfield><subfield code='g'>1</subfield></datafield><datafield ind1=' ' ind2=' ' tag='ADM'><subfield code='b'>2017-07-07 07:14:26</subfield><subfield code='e'>b54979444-01tuli_inst</subfield><subfield code='d'>ILS</subfield><subfield code='a'>2017-06-20 12:15:19</subfield><subfield code='c'>false</subfield></datafield><datafield ind1=' ' ind2=' ' tag='PRT'><subfield code='a'>53380788970003811</subfield><subfield code='b'>https://sandbox01-na.alma.exlibrisgroup.com/view/uresolver/01TULI_INST/openurl?u.ignore_date_coverage=true&amp;rft.mms_id=991036325059703811</subfield><subfield code='f'>Access full text online.</subfield><subfield code='9'>Available</subfield><subfield code='d'>MAIN</subfield><subfield code='c'>Rand Publications</subfield><subfield code='8'>53380788970003811</subfield></datafield></record>