
<record xmlns='http://www.loc.gov/MARC21/slim'><leader>01338cam a22004094a 4500</leader><controlfield tag='005'>20170826002333.0</controlfield><controlfield tag='008'>070830s2007    caua     b    000 0 eng  </controlfield><controlfield tag='001'>991029896869703811</controlfield><datafield ind1=' ' ind2=' ' tag='010'><subfield code='a'>2007035973</subfield></datafield><datafield ind1=' ' ind2=' ' tag='020'><subfield code='a'>9780833042200 (pbk. : alk. paper)</subfield></datafield><datafield ind1=' ' ind2=' ' tag='020'><subfield code='a'>0833042203 (pbk. : alk. paper)</subfield></datafield><datafield ind1=' ' ind2=' ' tag='035'><subfield code='a'>(PPT)b35375619-01tuli_inst</subfield></datafield><datafield ind1=' ' ind2=' ' tag='035'><subfield code='a'>(OCoLC)ocn492428461</subfield><subfield code='9'>ExL</subfield></datafield><datafield ind1=' ' ind2=' ' tag='035'><subfield code='a'>(OCoLC)169873559</subfield></datafield><datafield ind1=' ' ind2=' ' tag='035'><subfield code='a'>ocn169873559</subfield></datafield><datafield ind1=' ' ind2=' ' tag='035'><subfield code='a'>(OCLC)ocn169873559</subfield></datafield><datafield ind1=' ' ind2=' ' tag='040'><subfield code='a'>DLC</subfield><subfield code='c'>DLC</subfield><subfield code='d'>YDXCP</subfield><subfield code='d'>CZL</subfield><subfield code='d'>XLM</subfield><subfield code='d'>TTU</subfield></datafield><datafield ind1=' ' ind2=' ' tag='043'><subfield code='a'>n-us---</subfield></datafield><datafield ind1=' ' ind2=' ' tag='079'><subfield code='a'>ocn169873559</subfield></datafield><datafield ind1=' ' ind2=' ' tag='090'><subfield code='a'>JK2261</subfield><subfield code='b'>.E478 2007</subfield></datafield><datafield ind1='1' ind2=' ' tag='100'><subfield code='a'>Epstein, Diana.</subfield></datafield><datafield ind1='1' ind2='0' tag='245'><subfield code='a'>Polarized politics and policy consequences /</subfield><subfield code='c'>Diana Epstein, John D. Graham.</subfield></datafield><datafield ind1=' ' ind2=' ' tag='260'><subfield code='a'>Santa Monica, CA :</subfield><subfield code='b'>RAND,</subfield><subfield code='c'>2007.</subfield></datafield><datafield ind1=' ' ind2=' ' tag='300'><subfield code='a'>ix, 29 p. :</subfield><subfield code='b'>ill. ;</subfield><subfield code='c'>28 cm.</subfield></datafield><datafield ind1='0' ind2=' ' tag='490'><subfield code='a'>Occasional paper.</subfield></datafield><datafield ind1=' ' ind2=' ' tag='504'><subfield code='a'>Includes bibliographical references (p. 27-28).</subfield></datafield><datafield ind1=' ' ind2='0' tag='650'><subfield code='a'>Political parties</subfield><subfield code='z'>United States.</subfield></datafield><datafield ind1=' ' ind2='0' tag='650'><subfield code='a'>Polarization (Social sciences)</subfield></datafield><datafield ind1=' ' ind2='0' tag='650'><subfield code='a'>Party affiliation</subfield><subfield code='z'>United States.</subfield></datafield><datafield ind1=' ' ind2='0' tag='651'><subfield code='a'>United States</subfield><subfield code='x'>Politics and government.</subfield></datafield><datafield ind1='1' ind2=' ' tag='700'><subfield code='a'>Graham, John D.</subfield><subfield code='q'>(John David),</subfield><subfield code='d'>1956-</subfield></datafield><datafield ind1=' ' ind2=' ' tag='902'><subfield code='a'>100205</subfield></datafield><datafield ind1=' ' ind2=' ' tag='907'><subfield code='a'>.b35375619</subfield><subfield code='b'>p    </subfield><subfield code='c'>-</subfield></datafield><datafield ind1=' ' ind2=' ' tag='945'><subfield code='l'>pstk </subfield><subfield code='g'>1</subfield></datafield><datafield ind1=' ' ind2=' ' tag='979'><subfield code='a'>ocn169873559</subfield></datafield><datafield ind1=' ' ind2=' ' tag='998'><subfield code='b'>0</subfield><subfield code='c'>080627</subfield><subfield code='d'>m</subfield><subfield code='e'>a</subfield><subfield code='f'>-</subfield><subfield code='g'>0</subfield></datafield><datafield ind1=' ' ind2=' ' tag='998'><subfield code='a'>06/27/08</subfield><subfield code='s'>LC</subfield><subfield code='c'>CDC</subfield></datafield><datafield ind1=' ' ind2=' ' tag='ADM'><subfield code='b'>2017-08-26 04:23:33</subfield><subfield code='e'>b35375619-01tuli_inst</subfield><subfield code='d'>ILS</subfield><subfield code='a'>2017-06-20 14:01:59</subfield><subfield code='c'>false</subfield></datafield><datafield ind1='0' ind2=' ' tag='HLD'><subfield code='b'>MAIN</subfield><subfield code='c'>stacks</subfield><subfield code='h'>JK2261</subfield><subfield code='i'>.E478 2007</subfield><subfield code='8'>22328859860003811</subfield></datafield><datafield ind1=' ' ind2=' ' tag='ITM'><subfield code='r'>22328859860003811</subfield><subfield code='b'>1</subfield><subfield code='h'>0</subfield><subfield code='g'>stacks</subfield><subfield code='t'>BOOK</subfield><subfield code='9'>39074023818362</subfield><subfield code='e'>stacks</subfield><subfield code='8'>23328859850003811</subfield><subfield code='a'>0</subfield><subfield code='q'>2017-06-20 14:01:59</subfield><subfield code='i'>JK2261 .E478 2007</subfield><subfield code='d'>MAIN</subfield><subfield code='f'>MAIN</subfield></datafield></record>