
<record xmlns='http://www.loc.gov/MARC21/slim'><leader>ZZZZZnamZa22ZZZZZzZZ4500</leader><controlfield tag='001'>991036884517403811</controlfield><controlfield tag='008'>180225uuuuuuuuuuuuuu-|-o----u|----|eng-d</controlfield><datafield ind1=' ' ind2=' ' tag='035'><subfield code='a'>(CKB)3790000000564958</subfield></datafield><datafield ind1=' ' ind2=' ' tag='035'><subfield code='a'>(EXLCZ)993790000000564958</subfield></datafield><datafield ind1='1' ind2='0' tag='245'><subfield code='a'>Polarized politics and policy consequences</subfield></datafield><datafield ind1=' ' ind2=' ' tag='776'><subfield code='z'>0-8330-4220-3</subfield></datafield><datafield ind1=' ' ind2=' ' tag='906'><subfield code='a'>BOOK</subfield></datafield><datafield ind1=' ' ind2=' ' tag='ADM'><subfield code='b'>2018-03-05 19:22:41</subfield><subfield code='e'>(CKB)3790000000564958</subfield><subfield code='d'>CKB</subfield><subfield code='a'>2018-03-03 18:38:57</subfield><subfield code='c'>false</subfield></datafield><datafield ind1=' ' ind2=' ' tag='PRT'><subfield code='a'>53414434560003811</subfield><subfield code='b'>https://sandbox01-na.alma.exlibrisgroup.com/view/uresolver/01TULI_INST/openurl?u.ignore_date_coverage=true&amp;rft.mms_id=991036884517403811</subfield><subfield code='e'>RAND Corporation</subfield><subfield code='9'>Available</subfield><subfield code='c'>RAND Publications</subfield><subfield code='h'>613790000000001651</subfield><subfield code='8'>53414434560003811</subfield></datafield></record>