
<record xmlns='http://www.loc.gov/MARC21/slim'><leader>01383nam  2200337 a 4500</leader><controlfield tag='001'>991036733640003811</controlfield><controlfield tag='005'>20170821173708.0</controlfield><controlfield tag='006'>m     o  d |      </controlfield><controlfield tag='007'>cr -n---------</controlfield><controlfield tag='008'>081106s2008    caua    ob    001 0 eng d</controlfield><datafield ind1=' ' ind2=' ' tag='010'><subfield code='z'>  2006034595</subfield></datafield><datafield ind1=' ' ind2=' ' tag='020'><subfield code='a'>0-8157-6078-7</subfield></datafield><datafield ind1=' ' ind2=' ' tag='035'><subfield code='a'>(CKB)1000000000486898</subfield></datafield><datafield ind1=' ' ind2=' ' tag='035'><subfield code='a'>(EBL)1069052</subfield></datafield><datafield ind1=' ' ind2=' ' tag='035'><subfield code='a'>(OCoLC)818846701</subfield></datafield><datafield ind1=' ' ind2=' ' tag='035'><subfield code='a'>(SSID)ssj0000234184</subfield></datafield><datafield ind1=' ' ind2=' ' tag='035'><subfield code='a'>(PQKBManifestationID)11202825</subfield></datafield><datafield ind1=' ' ind2=' ' tag='035'><subfield code='a'>(PQKBTitleCode)TC0000234184</subfield></datafield><datafield ind1=' ' ind2=' ' tag='035'><subfield code='a'>(PQKBWorkID)10237857</subfield></datafield><datafield ind1=' ' ind2=' ' tag='035'><subfield code='a'>(PQKB)10045813</subfield></datafield><datafield ind1=' ' ind2=' ' tag='035'><subfield code='a'>(MiAaPQ)EBC1069052</subfield></datafield><datafield ind1=' ' ind2=' ' tag='035'><subfield code='a'>(EXLCZ)991000000000486898</subfield></datafield><datafield ind1=' ' ind2=' ' tag='040'><subfield code='a'>MiAaPQ</subfield><subfield code='c'>MiAaPQ</subfield><subfield code='d'>MiAaPQ</subfield></datafield><datafield ind1=' ' ind2=' ' tag='041'><subfield code='a'>eng</subfield></datafield><datafield ind1=' ' ind2=' ' tag='043'><subfield code='a'>n-us---</subfield></datafield><datafield ind1=' ' ind2='4' tag='050'><subfield code='a'>JK2261</subfield><subfield code='b'>.C66 2008</subfield></datafield><datafield ind1='0' ind2='0' tag='082'><subfield code='a'>324.273</subfield></datafield><datafield ind1='1' ind2=' ' tag='100'><subfield code='a'>Nivola, Pietro S.</subfield></datafield><datafield ind1='0' ind2='0' tag='245'><subfield code='a'>Consequences and correction of America&apos;s polarized politics</subfield><subfield code='h'>[electronic resource] /</subfield><subfield code='c'>Pietro S. Nivola, David W. Brady, editors.</subfield></datafield><datafield ind1=' ' ind2=' ' tag='260'><subfield code='a'>Stanford, Calif. :</subfield><subfield code='b'>Hoover Institution on War, Revolution, and Peace, Stanford University ;</subfield><subfield code='a'>Washington, D.C. :</subfield><subfield code='b'>Brookings Institution Press,</subfield><subfield code='c'>2008.</subfield></datafield><datafield ind1=' ' ind2=' ' tag='300'><subfield code='a'>1 online resource (336 p.)</subfield></datafield><datafield ind1=' ' ind2=' ' tag='336'><subfield code='a'>text</subfield><subfield code='b'>txt</subfield></datafield><datafield ind1=' ' ind2=' ' tag='337'><subfield code='a'>computer</subfield><subfield code='b'>c</subfield></datafield><datafield ind1=' ' ind2=' ' tag='338'><subfield code='a'>online resource</subfield><subfield code='b'>cr</subfield></datafield><datafield ind1='0' ind2=' ' tag='490'><subfield code='a'>Red and blue nation? ;</subfield><subfield code='v'>v. 2</subfield></datafield><datafield ind1=' ' ind2=' ' tag='500'><subfield code='a'>Description based upon print version of record.</subfield></datafield><datafield ind1='0' ind2=' ' tag='505'><subfield code='a'>Front Cover; Title Page; Copyright Information; Table of Contents; Foreword; Turned Off or Turned On? How Polarization Affects Political Engagement; Spoiling the Sausages? How a Polarized Congress Deliberates and Legislates; Consequences for the Courts: Polarized Politics and the Judicial Branch; When Politics No Longer Stops at the Water&apos;s Edge: Partisan Polarization and Foreign Policy; Polarization and Public Policy: A General Assessment; Toward Depolarization; Contributors; Index; Back Cover</subfield></datafield><datafield ind1=' ' ind2=' ' tag='520'><subfield code='a'>America&apos;s polarized politics are largely disconnected from mainstream public preferences. This disconnect poses fundamental dangers for the representativeness and accountability of government, as well as the already withering public trust in it. As the 2008 presidential race kicks into gear, the political climate certainly will not become less polarized. With important issues to address-including immigration policy, health care, and the funding of the Iraq war-it is critical that essential policies not be hostage to partisan political battles.Building upon the findings of the first volume of R</subfield></datafield><datafield ind1=' ' ind2=' ' tag='546'><subfield code='a'>English</subfield></datafield><datafield ind1=' ' ind2=' ' tag='504'><subfield code='a'>Includes bibliographical references and index.</subfield></datafield><datafield ind1=' ' ind2='0' tag='650'><subfield code='a'>Political parties</subfield><subfield code='z'>United States.</subfield></datafield><datafield ind1=' ' ind2='0' tag='650'><subfield code='a'>Party affiliation</subfield><subfield code='z'>United States.</subfield></datafield><datafield ind1=' ' ind2='0' tag='650'><subfield code='a'>Polarization (Social sciences)</subfield></datafield><datafield ind1=' ' ind2='4' tag='655'><subfield code='a'>Electronic books.</subfield></datafield><datafield ind1=' ' ind2='0' tag='651'><subfield code='a'>United States</subfield><subfield code='x'>Politics and government.</subfield></datafield><datafield ind1=' ' ind2=' ' tag='776'><subfield code='z'>0-8157-6079-5</subfield></datafield><datafield ind1=' ' ind2=' ' tag='776'><subfield code='z'>0-8157-6080-9</subfield></datafield><datafield ind1='1' ind2=' ' tag='700'><subfield code='a'>Nivola, Pietro S.</subfield></datafield><datafield ind1='1' ind2=' ' tag='700'><subfield code='a'>Brady, David W.</subfield></datafield><datafield ind1=' ' ind2=' ' tag='906'><subfield code='a'>BOOK</subfield></datafield><datafield ind1=' ' ind2=' ' tag='PRT'><subfield code='a'>53422225610003811</subfield><subfield code='b'>https://sandbox01-na.alma.exlibrisgroup.com/view/uresolver/01TULI_INST/openurl?u.ignore_date_coverage=true&amp;rft.mms_id=991036733640003811</subfield><subfield code='e'>Ebook Central</subfield><subfield code='c'>Ebook Central Academic Complete</subfield><subfield code='h'>614200000000000002</subfield><subfield code='8'>53422225610003811</subfield></datafield><datafield ind1=' ' ind2=' ' tag='PRT'><subfield code='a'>53424201670003811</subfield><subfield code='b'>https://sandbox01-na.alma.exlibrisgroup.com/view/uresolver/01TULI_INST/openurl?u.ignore_date_coverage=true&amp;rft.mms_id=991036733640003811</subfield><subfield code='e'>Ebook Central</subfield><subfield code='c'>Ebook Central College Complete</subfield><subfield code='h'>614330000000000032</subfield><subfield code='8'>53424201670003811</subfield></datafield><datafield ind1=' ' ind2=' ' tag='PRT'><subfield code='a'>53408922680003811</subfield><subfield code='b'>https://sandbox01-na.alma.exlibrisgroup.com/view/uresolver/01TULI_INST/openurl?u.ignore_date_coverage=true&amp;rft.mms_id=991036733640003811</subfield><subfield code='e'>JSTOR</subfield><subfield code='c'>JSTOR Books EBA Pilot</subfield><subfield code='h'>613810000000000259</subfield><subfield code='8'>53408922680003811</subfield></datafield><datafield ind1=' ' ind2=' ' tag='PRT'><subfield code='a'>53392395310003811</subfield><subfield code='b'>https://sandbox01-na.alma.exlibrisgroup.com/view/uresolver/01TULI_INST/openurl?u.ignore_date_coverage=true&amp;rft.mms_id=991036733640003811</subfield><subfield code='e'>EBSCOhost</subfield><subfield code='c'>EBSCOhost Academic eBook Collection (North America)</subfield><subfield code='h'>613640000000000029</subfield><subfield code='8'>53392395310003811</subfield></datafield></record>