
<record xmlns='http://www.loc.gov/MARC21/slim'><leader>02396pam a2200361 a 4500</leader><controlfield tag='001'>991036795248703811</controlfield><controlfield tag='005'>20170815110132.0</controlfield><controlfield tag='008'>971121s1998    ilu     ob   s000 0 eng  </controlfield><datafield ind1=' ' ind2=' ' tag='010'><subfield code='a'>   97044068 </subfield></datafield><datafield ind1=' ' ind2=' ' tag='020'><subfield code='a'>0-585-02983-0</subfield></datafield><datafield ind1=' ' ind2=' ' tag='035'><subfield code='a'>(CKB)111004368578028</subfield></datafield><datafield ind1=' ' ind2=' ' tag='035'><subfield code='a'>(MH)007855969-3</subfield></datafield><datafield ind1=' ' ind2=' ' tag='035'><subfield code='a'>(EXLCZ)99111004368578028</subfield></datafield><datafield ind1=' ' ind2=' ' tag='040'><subfield code='a'>DLC</subfield><subfield code='c'>DLC</subfield><subfield code='d'>DLC</subfield></datafield><datafield ind1='0' ind2='0' tag='050'><subfield code='a'>HV6250.25</subfield><subfield code='b'>.H39 1998</subfield></datafield><datafield ind1='0' ind2='0' tag='082'><subfield code='a'>364.1</subfield><subfield code='2'>21</subfield></datafield><datafield ind1=' ' ind2=' ' tag='210'><subfield code='a'>HATE CRIME : THE GLOBAL POLITICS OF POLARIZATION {ELMER H. JOHNSON &amp; CAROL HOLMES JOHNSON SERIES IN CRIMINOLOGY}</subfield></datafield><datafield ind1='0' ind2='0' tag='245'><subfield code='a'>Hate crime :</subfield><subfield code='b'>the global politics of polarization /</subfield><subfield code='c'>edited by Robert J. Kelly and Jess Maghan.</subfield><subfield code='h'>[electronic resource]</subfield></datafield><datafield ind1=' ' ind2=' ' tag='246'><subfield code='a'>Hate Crime</subfield></datafield><datafield ind1=' ' ind2=' ' tag='260'><subfield code='a'>Carbondale :</subfield><subfield code='b'>Southern Illinois University Press,</subfield><subfield code='c'>c1998.</subfield></datafield><datafield ind1=' ' ind2=' ' tag='300'><subfield code='a'>1 online resource (xi, 253 p. )</subfield></datafield><datafield ind1=' ' ind2='4' tag='440'><subfield code='a'>The Elmer H. Johnson and Carol Holmes Johnson series in criminology</subfield></datafield><datafield ind1=' ' ind2=' ' tag='504'><subfield code='a'>&quot;An annotated bibliography of hate crime literature [by] Jess Maghan&quot;: p. 239-252.</subfield></datafield><datafield ind1=' ' ind2=' ' tag='504'><subfield code='a'>Includes bibliographical references.</subfield></datafield><datafield ind1='0' ind2='0' tag='505'><subfield code='g'>[ch]. 1.</subfield><subfield code='t'>Black rage, murder, racism, and madness: the metamorphosis of Colin Ferguson /</subfield><subfield code='r'>Robert J. Kelly --</subfield><subfield code='g'>[ch]. 2.</subfield><subfield code='t'>Neo-Nazis and Skinheads of Germany: purveyors of hate /</subfield><subfield code='r'>Robert Harnishmacher and Robert J. Kelly --</subfield><subfield code='g'>[ch]. 3.</subfield><subfield code='t'>Ku Klux Klan: recurring hate in America /</subfield><subfield code='r'>Robert J. Kelly --</subfield><subfield code='g'>[ch]. 4.</subfield><subfield code='t'>Homeless Palestinians in Israel and the Arab world /</subfield><subfield code='r'>Ghada Talhami --</subfield><subfield code='g'>[ch]. 5.</subfield><subfield code='t'>Hate crimes in India: a historical perspective /</subfield><subfield code='r'>Asad ur Rahman --</subfield><subfield code='g'>[ch]. 6.</subfield><subfield code='t'>Social cleansing in Colombia: the war on street children /</subfield><subfield code='r'>Suzanane Wilson and Julia Greider-Durango --</subfield><subfield code='g'>[ch]. 7.</subfield><subfield code='t'>Emergence and implication of American hate crime jurisprudence /</subfield><subfield code='r'>James B. Jacobs --</subfield><subfield code='g'>[ch]. 8.</subfield><subfield code='t'>Spectacular punishment and the orchestration of hate: the pillory and popular morality in eighteenth-century England /</subfield><subfield code='r'>Antony E. Simpson.</subfield></datafield><datafield ind1=' ' ind2='0' tag='650'><subfield code='a'>Hate crimes</subfield><subfield code='x'>Political aspects.</subfield></datafield><datafield ind1=' ' ind2='0' tag='650'><subfield code='a'>Hate crimes</subfield><subfield code='x'>Cross-cultural studies.</subfield></datafield><datafield ind1=' ' ind2='7' tag='655'><subfield code='a'>Cross-cultural studies.</subfield><subfield code='2'>fast</subfield></datafield><datafield ind1=' ' ind2=' ' tag='655'><subfield code='a'>Electronic books</subfield></datafield><datafield ind1='1' ind2=' ' tag='700'><subfield code='a'>Kelly, Robert J.</subfield></datafield><datafield ind1='1' ind2=' ' tag='700'><subfield code='a'>Maghan, Jess,</subfield><subfield code='d'>1936-</subfield></datafield><datafield ind1=' ' ind2=' ' tag='776'><subfield code='z'>0-8093-2210-2</subfield></datafield><datafield ind1=' ' ind2=' ' tag='906'><subfield code='a'>BOOK</subfield></datafield><datafield ind1=' ' ind2=' ' tag='999'><subfield code='a'>This Record contains information from the Harvard Library Bibliographic Dataset, which is provided by the Harvard Library under its Bibliographic Dataset Use Terms and includes data made available by, among others the Library of Congress</subfield></datafield><datafield ind1=' ' ind2=' ' tag='ADM'><subfield code='b'>2017-08-21 10:21:01</subfield><subfield code='e'>99111004368578028</subfield><subfield code='d'>NON_SFX</subfield><subfield code='a'>2012-02-26 01:19:55</subfield><subfield code='c'>false</subfield></datafield><datafield ind1=' ' ind2=' ' tag='PRT'><subfield code='a'>53393031940003811</subfield><subfield code='b'>https://sandbox01-na.alma.exlibrisgroup.com/view/uresolver/01TULI_INST/openurl?u.ignore_date_coverage=true&amp;rft.mms_id=991036795248703811</subfield><subfield code='e'>EBSCOhost</subfield><subfield code='9'>Available</subfield><subfield code='c'>EBSCOhost Academic eBook Collection (North America)</subfield><subfield code='h'>613640000000000029</subfield><subfield code='8'>53393031940003811</subfield></datafield><datafield ind1=' ' ind2=' ' tag='PRT'><subfield code='a'>53364176000003811</subfield><subfield code='b'>https://sandbox01-na.alma.exlibrisgroup.com/view/uresolver/01TULI_INST/openurl?u.ignore_date_coverage=true&amp;rft.mms_id=991036795248703811</subfield><subfield code='e'>EBSCOhost</subfield><subfield code='9'>Available</subfield><subfield code='c'>EBSCOhost Ebooks</subfield><subfield code='h'>61111000211069000</subfield><subfield code='8'>53364176000003811</subfield></datafield><datafield ind1=' ' ind2=' ' tag='PRT'><subfield code='a'>53395869090003811</subfield><subfield code='b'>https://sandbox01-na.alma.exlibrisgroup.com/view/uresolver/01TULI_INST/openurl?u.ignore_date_coverage=true&amp;rft.mms_id=991036795248703811</subfield><subfield code='e'>EBSCOhost</subfield><subfield code='9'>Available</subfield><subfield code='c'>EBSCOhost eBook Community College Collection</subfield><subfield code='h'>613860000000000003</subfield><subfield code='8'>53395869090003811</subfield></datafield></record>