
<record xmlns='http://www.loc.gov/MARC21/slim'><leader>01383cam a2200409 a 4500</leader><controlfield tag='005'>20170825212017.0</controlfield><controlfield tag='008'>971121s1998    ilu      b   s000 0 eng  </controlfield><controlfield tag='001'>991003129419703811</controlfield><datafield ind1=' ' ind2=' ' tag='010'><subfield code='a'>97044068</subfield></datafield><datafield ind1=' ' ind2=' ' tag='020'><subfield code='a'>0809321300 (cloth : alk. paper)</subfield></datafield><datafield ind1=' ' ind2=' ' tag='020'><subfield code='a'>0809322102 (paper : alk. paper)</subfield></datafield><datafield ind1=' ' ind2=' ' tag='035'><subfield code='a'>(PPT)b18415428-01tuli_inst</subfield></datafield><datafield ind1=' ' ind2=' ' tag='035'><subfield code='a'>(DLC    )ocn483513575</subfield><subfield code='9'>ExL</subfield></datafield><datafield ind1=' ' ind2=' ' tag='035'><subfield code='a'>DLC   97044068 </subfield></datafield><datafield ind1=' ' ind2=' ' tag='035'><subfield code='a'>ocm38030170</subfield></datafield><datafield ind1=' ' ind2=' ' tag='035'><subfield code='a'>(OCLC)ocm38030170</subfield></datafield><datafield ind1=' ' ind2=' ' tag='040'><subfield code='a'>DLC</subfield><subfield code='c'>DLC</subfield><subfield code='d'>DLC</subfield></datafield><datafield ind1=' ' ind2=' ' tag='079'><subfield code='a'>ocm38030170</subfield></datafield><datafield ind1=' ' ind2=' ' tag='090'><subfield code='a'>HV6250.25.H39 1998</subfield></datafield><datafield ind1='0' ind2='0' tag='245'><subfield code='a'>Hate crime :</subfield><subfield code='b'>the global politics of polarization /</subfield><subfield code='c'>edited by Robert J. Kelly and Jess Maghan.</subfield></datafield><datafield ind1=' ' ind2=' ' tag='260'><subfield code='a'>Carbondale :</subfield><subfield code='b'>Southern Illinois University Press,</subfield><subfield code='c'>c1998.</subfield></datafield><datafield ind1=' ' ind2=' ' tag='300'><subfield code='a'>xi, 253 p. ;</subfield><subfield code='c'>24 cm.</subfield></datafield><datafield ind1=' ' ind2='4' tag='440'><subfield code='a'>The Elmer H. Johnson and Carol Holmes Johnson series in criminology</subfield></datafield><datafield ind1=' ' ind2=' ' tag='504'><subfield code='a'>&quot;An annotated bibliograpy of hate crime literature [by] Jess Maghan&quot;: p. 239-252.</subfield></datafield><datafield ind1=' ' ind2=' ' tag='504'><subfield code='a'>Includes bibliographical references.</subfield></datafield><datafield ind1=' ' ind2='0' tag='650'><subfield code='a'>Hate crimes</subfield><subfield code='x'>Political aspects.</subfield></datafield><datafield ind1=' ' ind2='0' tag='650'><subfield code='a'>Hate crimes</subfield><subfield code='x'>Cross-cultural studies.</subfield></datafield><datafield ind1='1' ind2=' ' tag='700'><subfield code='a'>Kelly, Robert J.</subfield></datafield><datafield ind1='1' ind2=' ' tag='700'><subfield code='a'>Maghan, Jess,</subfield><subfield code='d'>1936-</subfield></datafield><datafield ind1=' ' ind2=' ' tag='901'><subfield code='a'>BNA</subfield></datafield><datafield ind1=' ' ind2=' ' tag='902'><subfield code='a'>110512</subfield></datafield><datafield ind1=' ' ind2=' ' tag='907'><subfield code='a'>.b18415428</subfield><subfield code='b'>multi</subfield><subfield code='c'>-</subfield></datafield><datafield ind1=' ' ind2=' ' tag='935'><subfield code='a'>00886277</subfield></datafield><datafield ind1=' ' ind2=' ' tag='945'><subfield code='l'>astk </subfield><subfield code='g'>1</subfield></datafield><datafield ind1=' ' ind2=' ' tag='945'><subfield code='l'>pstk </subfield><subfield code='g'>1</subfield></datafield><datafield ind1=' ' ind2=' ' tag='979'><subfield code='a'>ocm38030170</subfield></datafield><datafield ind1=' ' ind2=' ' tag='998'><subfield code='b'>1</subfield><subfield code='c'>990101</subfield><subfield code='d'>m</subfield><subfield code='e'>a</subfield><subfield code='f'>-</subfield><subfield code='g'>0</subfield></datafield><datafield ind1=' ' ind2=' ' tag='ADM'><subfield code='b'>2017-08-26 01:20:17</subfield><subfield code='e'>b18415428-01tuli_inst</subfield><subfield code='d'>ILS</subfield><subfield code='a'>2017-06-20 11:09:38</subfield><subfield code='c'>false</subfield></datafield><datafield ind1='0' ind2=' ' tag='HLD'><subfield code='b'>MAIN</subfield><subfield code='c'>stacks</subfield><subfield code='h'>HV6250.25.H39 1998</subfield><subfield code='8'>22309543730003811</subfield></datafield><datafield ind1='0' ind2=' ' tag='HLD'><subfield code='b'>AMBLER</subfield><subfield code='c'>stacks</subfield><subfield code='h'>HV6250.25.H39 1998</subfield><subfield code='8'>22309543750003811</subfield></datafield><datafield ind1=' ' ind2=' ' tag='ITM'><subfield code='r'>22309543730003811</subfield><subfield code='b'>1</subfield><subfield code='h'>0</subfield><subfield code='g'>stacks</subfield><subfield code='t'>BOOK</subfield><subfield code='9'>39074011271137</subfield><subfield code='e'>stacks</subfield><subfield code='8'>23309543720003811</subfield><subfield code='a'>0</subfield><subfield code='q'>2017-06-20 11:09:38</subfield><subfield code='i'>HV6250.25.H39 1998</subfield><subfield code='d'>MAIN</subfield><subfield code='f'>MAIN</subfield></datafield><datafield ind1=' ' ind2=' ' tag='ITM'><subfield code='r'>22309543750003811</subfield><subfield code='b'>1</subfield><subfield code='h'>0</subfield><subfield code='g'>stacks</subfield><subfield code='t'>BOOK</subfield><subfield code='9'>39074013776687</subfield><subfield code='e'>stacks</subfield><subfield code='8'>23309543740003811</subfield><subfield code='a'>0</subfield><subfield code='q'>2017-06-20 11:09:38</subfield><subfield code='i'>HV6250.25.H39 1998</subfield><subfield code='d'>AMBLER</subfield><subfield code='f'>AMBLER</subfield></datafield></record>