
<record xmlns='http://www.loc.gov/MARC21/slim'><leader>02932cam a2200445La 4500</leader><controlfield tag='005'>20180315150815.0</controlfield><controlfield tag='006'>m        u        </controlfield><controlfield tag='007'>cr cn-</controlfield><controlfield tag='008'>971121s1998    ilu     sb   s000 0 eng d</controlfield><controlfield tag='001'>991035318429703811</controlfield><datafield ind1=' ' ind2=' ' tag='020'><subfield code='a'>0585029830 (electronic bk.)</subfield></datafield><datafield ind1=' ' ind2=' ' tag='035'><subfield code='a'>(PPT)b26638824-01tuli_inst</subfield></datafield><datafield ind1=' ' ind2=' ' tag='035'><subfield code='a'>(OCoLC)ocn492980486</subfield><subfield code='9'>ExL</subfield></datafield><datafield ind1=' ' ind2=' ' tag='040'><subfield code='a'>N$T</subfield><subfield code='c'>N$T</subfield><subfield code='d'>OCL</subfield><subfield code='d'>OCLCQ</subfield></datafield><datafield ind1=' ' ind2=' ' tag='049'><subfield code='a'>TEUN</subfield></datafield><datafield ind1=' ' ind2=' ' tag='079'><subfield code='a'>ocm42854405</subfield></datafield><datafield ind1=' ' ind2=' ' tag='090'><subfield code='a'>HV6250.25</subfield><subfield code='b'>.H39 1998eb</subfield></datafield><datafield ind1='0' ind2='0' tag='245'><subfield code='a'>Hate crime</subfield><subfield code='h'>[electronic resource] :</subfield><subfield code='b'>the global politics of polarization /</subfield><subfield code='c'>edited by Robert J. Kelly and Jess Maghan.</subfield></datafield><datafield ind1=' ' ind2=' ' tag='260'><subfield code='a'>Carbondale :</subfield><subfield code='b'>Southern Illinois University Press,</subfield><subfield code='c'>c1998.</subfield></datafield><datafield ind1=' ' ind2=' ' tag='300'><subfield code='a'>xi, 253 p. ;</subfield><subfield code='c'>24 cm.</subfield></datafield><datafield ind1=' ' ind2='0' tag='440'><subfield code='a'>Elmer H. Johnson and Carol Holmes Johnson series in criminology</subfield></datafield><datafield ind1=' ' ind2=' ' tag='504'><subfield code='a'>&quot;An annotated bibliography of hate crime literature [by] Jess Maghan&quot;: p. 239-252.</subfield></datafield><datafield ind1=' ' ind2=' ' tag='504'><subfield code='a'>Includes bibliographical references.</subfield></datafield><datafield ind1='0' ind2='0' tag='505'><subfield code='g'>[ch]. 1.</subfield><subfield code='t'>Black rage, murder, racism, and madness: the metamorphosis of Colin Ferguson /</subfield><subfield code='r'>Robert J. Kelly --</subfield><subfield code='g'>[ch]. 2.</subfield><subfield code='t'>Neo-Nazis and Skinheads of Germany: purveyors of hate /</subfield><subfield code='r'>Robert Harnishmacher and Robert J. Kelly --</subfield><subfield code='g'>[ch]. 3.</subfield><subfield code='t'>Ku Klux Klan: recurring hate in America /</subfield><subfield code='r'>Robert J. Kelly --</subfield><subfield code='g'>[ch]. 4.</subfield><subfield code='t'>Homeless Palestinians in Israel and the Arab world /</subfield><subfield code='r'>Ghada Talhami --</subfield><subfield code='g'>[ch]. 5.</subfield><subfield code='t'>Hate crimes in India: a historical perspective /</subfield><subfield code='r'>Asad ur Rahman --</subfield><subfield code='g'>[ch]. 6.</subfield><subfield code='t'>Social cleansing in Colombia: the war on street children /</subfield><subfield code='r'>Suzanane Wilson and Julia Greider-Durango --</subfield><subfield code='g'>[ch]. 7.</subfield><subfield code='t'>Emergence and implication of American hate crime jurisprudence /</subfield><subfield code='r'>James B. Jacobs --</subfield><subfield code='g'>[ch]. 8.</subfield><subfield code='t'>Spectacular punishment and the orchestration of hate: the pillory and popular morality in eighteenth-century England /</subfield><subfield code='r'>Antony E. Simpson.</subfield></datafield><datafield ind1=' ' ind2=' ' tag='533'><subfield code='a'>Electronic reproduction.</subfield><subfield code='b'>Boulder, Colo. :</subfield><subfield code='c'>NetLibrary,</subfield><subfield code='d'>1999.</subfield><subfield code='n'>Available via the World Wide Web.</subfield><subfield code='n'>Available in multiple electronic file formats.</subfield><subfield code='n'>Access may be limited to NetLibrary affiliated libraries.</subfield></datafield><datafield ind1=' ' ind2=' ' tag='590'><subfield code='a'>Access is available to the Temple Community through use of a networked computer with a Temple IP address.</subfield></datafield><datafield ind1=' ' ind2='0' tag='650'><subfield code='a'>Hate crimes</subfield><subfield code='x'>Political aspects.</subfield></datafield><datafield ind1=' ' ind2='0' tag='650'><subfield code='a'>Hate crimes</subfield><subfield code='x'>Cross-cultural studies.</subfield></datafield><datafield ind1=' ' ind2='0' tag='655'><subfield code='a'>Electronic books.</subfield></datafield><datafield ind1='1' ind2=' ' tag='700'><subfield code='a'>Kelly, Robert J.</subfield></datafield><datafield ind1='1' ind2=' ' tag='700'><subfield code='a'>Maghan, Jess,</subfield><subfield code='d'>1936-</subfield></datafield><datafield ind1='2' ind2=' ' tag='710'><subfield code='a'>EBSCO Publishing (Firm)</subfield></datafield><datafield ind1='0' ind2=' ' tag='730'><subfield code='a'>EBSCOhost eBook collection.</subfield></datafield><datafield ind1='1' ind2=' ' tag='776'><subfield code='c'>Original</subfield><subfield code='z'>0809321300</subfield><subfield code='w'>(DLC)   97044068</subfield><subfield code='w'>(OCoLC)38030170</subfield></datafield><datafield ind1='4' ind2=' ' tag='856'><subfield code='3'>Bibliographic record display</subfield><subfield code='u'>http://libproxy.temple.edu/login?url=http://www.netlibrary.com/urlapi.asp?action=summary&amp;v=1&amp;bookid=2319</subfield><subfield code='z'>An electronic book accessible through the World Wide Web; click for information</subfield></datafield><datafield ind1=' ' ind2=' ' tag='902'><subfield code='a'>e-resource trial</subfield></datafield><datafield ind1=' ' ind2=' ' tag='902'><subfield code='a'>Authority information changed to reflect Ebsco&apos;s purchase of NetLibrary in 2011; mrtl 2/16/15</subfield></datafield><datafield ind1=' ' ind2=' ' tag='907'><subfield code='a'>.b26638824</subfield><subfield code='b'>w    </subfield><subfield code='c'>-</subfield></datafield><datafield ind1=' ' ind2=' ' tag='945'><subfield code='l'>w    </subfield><subfield code='g'>1</subfield></datafield><datafield ind1=' ' ind2=' ' tag='998'><subfield code='b'>1</subfield><subfield code='c'>030916</subfield><subfield code='d'>m</subfield><subfield code='e'>@</subfield><subfield code='f'>-</subfield><subfield code='g'>0</subfield></datafield><datafield ind1=' ' ind2=' ' tag='ADM'><subfield code='b'>2018-03-15 19:08:15</subfield><subfield code='e'>b26638824-01tuli_inst</subfield><subfield code='d'>ILS</subfield><subfield code='a'>2017-06-20 08:35:12</subfield><subfield code='c'>false</subfield></datafield><datafield ind1=' ' ind2=' ' tag='PRT'><subfield code='a'>53389187260003811</subfield><subfield code='b'>https://sandbox01-na.alma.exlibrisgroup.com/view/uresolver/01TULI_INST/openurl?u.ignore_date_coverage=true&amp;rft.mms_id=991035318429703811</subfield><subfield code='f'>An electronic book accessible through the World Wide Web; click for information</subfield><subfield code='9'>Available</subfield><subfield code='d'>MAIN</subfield><subfield code='c'>NetLibrary</subfield><subfield code='8'>53389187260003811</subfield></datafield></record>