
<record xmlns='http://www.loc.gov/MARC21/slim'><leader>01301nam a22004330  4500</leader><controlfield tag='008'>840627s1984    ncu           00110 eng  </controlfield><controlfield tag='005'>20170825175459.0</controlfield><controlfield tag='001'>991013726399703811</controlfield><datafield ind1=' ' ind2=' ' tag='010'><subfield code='a'>83025353</subfield></datafield><datafield ind1=' ' ind2=' ' tag='020'><subfield code='a'>0822304953</subfield></datafield><datafield ind1=' ' ind2=' ' tag='035'><subfield code='a'>(PPT)b12802670-01tuli_inst</subfield></datafield><datafield ind1=' ' ind2=' ' tag='035'><subfield code='a'>ocn471225520</subfield><subfield code='9'>ExL</subfield></datafield><datafield ind1=' ' ind2=' ' tag='035'><subfield code='a'>PATG84-B17558</subfield></datafield><datafield ind1=' ' ind2=' ' tag='035'><subfield code='a'>ocm10230870</subfield></datafield><datafield ind1=' ' ind2=' ' tag='035'><subfield code='a'>(OCLC)ocm10230870</subfield></datafield><datafield ind1=' ' ind2=' ' tag='040'><subfield code='d'>CStRLIN</subfield><subfield code='d'>PPT</subfield></datafield><datafield ind1=' ' ind2=' ' tag='043'><subfield code='a'>n-us---</subfield></datafield><datafield ind1=' ' ind2=' ' tag='079'><subfield code='a'>ocm10230870</subfield></datafield><datafield ind1=' ' ind2=' ' tag='090'><subfield code='a'>HM33.H67 1984</subfield></datafield><datafield ind1='1' ind2='0' tag='100'><subfield code='a'>Horowitz, Irving Louis.</subfield></datafield><datafield ind1='1' ind2='0' tag='245'><subfield code='a'>Winners and losers :</subfield><subfield code='b'>social and political polarities in America /</subfield><subfield code='c'>by Irving Louis Horowitz.</subfield></datafield><datafield ind1=' ' ind2=' ' tag='260'><subfield code='a'>Durham, N.C. :</subfield><subfield code='b'>Duke University Press,</subfield><subfield code='c'>1984.</subfield></datafield><datafield ind1=' ' ind2=' ' tag='300'><subfield code='a'>xv, 328 p. ;</subfield><subfield code='c'>25 cm.</subfield></datafield><datafield ind1=' ' ind2='0' tag='440'><subfield code='a'>Duke Press policy studies</subfield></datafield><datafield ind1=' ' ind2=' ' tag='500'><subfield code='a'>Includes index.</subfield></datafield><datafield ind1=' ' ind2='0' tag='650'><subfield code='a'>Sociology.</subfield></datafield><datafield ind1=' ' ind2='0' tag='650'><subfield code='a'>Political sociology.</subfield></datafield><datafield ind1=' ' ind2='0' tag='650'><subfield code='a'>Ideology.</subfield></datafield><datafield ind1=' ' ind2='0' tag='650'><subfield code='a'>Polarity (Philosophy)</subfield></datafield><datafield ind1=' ' ind2='0' tag='651'><subfield code='a'>United States</subfield><subfield code='x'>Politics and government</subfield><subfield code='y'>1945-</subfield></datafield><datafield ind1=' ' ind2=' ' tag='902'><subfield code='a'>091201</subfield></datafield><datafield ind1=' ' ind2=' ' tag='907'><subfield code='a'>.b12802670</subfield><subfield code='b'>p    </subfield><subfield code='c'>-</subfield></datafield><datafield ind1=' ' ind2=' ' tag='935'><subfield code='a'>00298574</subfield></datafield><datafield ind1=' ' ind2=' ' tag='945'><subfield code='l'>pstk </subfield><subfield code='g'>1</subfield></datafield><datafield ind1=' ' ind2=' ' tag='950'><subfield code='l'>P</subfield><subfield code='i'>06/27/84 C</subfield></datafield><datafield ind1=' ' ind2=' ' tag='955'><subfield code='l'>P</subfield><subfield code='i'>06/27/84 C</subfield></datafield><datafield ind1=' ' ind2=' ' tag='979'><subfield code='a'>ocm10230870</subfield></datafield><datafield ind1=' ' ind2=' ' tag='998'><subfield code='b'>1</subfield><subfield code='c'>990101</subfield><subfield code='d'>m</subfield><subfield code='e'>a</subfield><subfield code='f'>-</subfield><subfield code='g'>0</subfield></datafield><datafield ind1=' ' ind2=' ' tag='998'><subfield code='a'>06/27/84</subfield><subfield code='t'>c</subfield><subfield code='s'>9110</subfield><subfield code='n'>PPT</subfield><subfield code='w'>DCLC8325353B</subfield><subfield code='d'>06/27/84</subfield><subfield code='b'>MW</subfield><subfield code='i'>840627</subfield><subfield code='l'>PATG</subfield></datafield><datafield ind1=' ' ind2=' ' tag='ADM'><subfield code='b'>2017-09-26 07:20:15</subfield><subfield code='e'>b12802670-01tuli_inst</subfield><subfield code='d'>ILS</subfield><subfield code='a'>2017-06-20 06:27:38</subfield><subfield code='c'>false</subfield></datafield><datafield ind1='0' ind2=' ' tag='HLD'><subfield code='b'>MAIN</subfield><subfield code='c'>stacks</subfield><subfield code='h'>HM33.H67 1984</subfield><subfield code='8'>22248134920003811</subfield></datafield><datafield ind1=' ' ind2=' ' tag='ITM'><subfield code='r'>22248134920003811</subfield><subfield code='b'>1</subfield><subfield code='h'>0</subfield><subfield code='g'>stacks</subfield><subfield code='t'>BOOK</subfield><subfield code='9'>39074001076413</subfield><subfield code='e'>stacks</subfield><subfield code='8'>23248134900003811</subfield><subfield code='a'>0</subfield><subfield code='q'>2017-06-20 06:27:38</subfield><subfield code='i'>HM33.H67 1984</subfield><subfield code='d'>MAIN</subfield><subfield code='f'>MAIN</subfield></datafield></record>