
<record xmlns='http://www.loc.gov/MARC21/slim'><leader>01258pam a2200361 a 4500</leader><controlfield tag='005'>20170826002154.0</controlfield><controlfield tag='008'>951211s1996    enkb     b    001 0 eng  </controlfield><controlfield tag='001'>991000269399703811</controlfield><datafield ind1=' ' ind2=' ' tag='010'><subfield code='a'>95051799</subfield></datafield><datafield ind1=' ' ind2=' ' tag='020'><subfield code='a'>0521562139 (hbk.)</subfield><subfield code='z'>0521562189</subfield></datafield><datafield ind1=' ' ind2=' ' tag='035'><subfield code='a'>(PPT)b17723073-01tuli_inst</subfield></datafield><datafield ind1=' ' ind2=' ' tag='035'><subfield code='a'>(DLC    )ocn478471548</subfield><subfield code='9'>ExL</subfield></datafield><datafield ind1=' ' ind2=' ' tag='035'><subfield code='a'>DLC   95051799</subfield></datafield><datafield ind1=' ' ind2=' ' tag='035'><subfield code='a'>ocm33947507</subfield></datafield><datafield ind1=' ' ind2=' ' tag='035'><subfield code='a'>(OCLC)ocm33947507</subfield></datafield><datafield ind1=' ' ind2=' ' tag='040'><subfield code='a'>DLC</subfield><subfield code='c'>DLC</subfield><subfield code='d'>OrLoB</subfield></datafield><datafield ind1=' ' ind2=' ' tag='043'><subfield code='a'>e-sp---</subfield></datafield><datafield ind1=' ' ind2=' ' tag='079'><subfield code='a'>ocm33947507</subfield></datafield><datafield ind1=' ' ind2=' ' tag='090'><subfield code='a'>DP402.G46R33 1996</subfield></datafield><datafield ind1='1' ind2=' ' tag='100'><subfield code='a'>Radcliff, Pamela Beth.</subfield></datafield><datafield ind1='1' ind2='0' tag='245'><subfield code='a'>From mobilization to civil war :</subfield><subfield code='b'>the politics of polarization in the Spanish city of Gijón, 1900-1937 /</subfield><subfield code='c'>Pamela Beth Radcliff.</subfield></datafield><datafield ind1=' ' ind2=' ' tag='260'><subfield code='a'>Cambridge, [England] ;</subfield><subfield code='a'>New York :</subfield><subfield code='b'>Cambridge University Press,</subfield><subfield code='c'>1996.</subfield></datafield><datafield ind1=' ' ind2=' ' tag='300'><subfield code='a'>xviii, 354 p. :</subfield><subfield code='b'>maps ;</subfield><subfield code='c'>24 cm.</subfield></datafield><datafield ind1=' ' ind2=' ' tag='504'><subfield code='a'>Includes bibliographical references (p. 327-346) and index.</subfield></datafield><datafield ind1=' ' ind2='0' tag='650'><subfield code='a'>Polarization (Social sciences)</subfield></datafield><datafield ind1=' ' ind2='0' tag='651'><subfield code='a'>Gijón (Spain)</subfield><subfield code='x'>Politics and government.</subfield></datafield><datafield ind1=' ' ind2='0' tag='651'><subfield code='a'>Spain</subfield><subfield code='x'>History</subfield><subfield code='y'>Civil War, 1936-1939</subfield><subfield code='x'>Causes</subfield><subfield code='x'>Case studies.</subfield></datafield><datafield ind1=' ' ind2=' ' tag='902'><subfield code='a'>170327</subfield></datafield><datafield ind1=' ' ind2=' ' tag='907'><subfield code='a'>.b17723073</subfield><subfield code='b'>multi</subfield><subfield code='c'>-</subfield></datafield><datafield ind1=' ' ind2=' ' tag='935'><subfield code='a'>00839890</subfield></datafield><datafield ind1=' ' ind2=' ' tag='945'><subfield code='l'>kstk </subfield><subfield code='g'>1</subfield></datafield><datafield ind1=' ' ind2=' ' tag='979'><subfield code='a'>ocm33947507</subfield></datafield><datafield ind1=' ' ind2=' ' tag='998'><subfield code='b'>1</subfield><subfield code='c'>990101</subfield><subfield code='d'>m</subfield><subfield code='e'>a</subfield><subfield code='f'>-</subfield><subfield code='g'>0</subfield></datafield><datafield ind1=' ' ind2=' ' tag='ADM'><subfield code='b'>2017-08-26 04:21:54</subfield><subfield code='e'>b17723073-01tuli_inst</subfield><subfield code='d'>ILS</subfield><subfield code='a'>2017-06-20 13:28:31</subfield><subfield code='c'>false</subfield></datafield><datafield ind1='0' ind2=' ' tag='HLD'><subfield code='b'>KARDON</subfield><subfield code='c'>p_remote</subfield><subfield code='h'>DP402.G46R33 1996</subfield><subfield code='8'>22325171340003811</subfield></datafield><datafield ind1=' ' ind2=' ' tag='ITM'><subfield code='r'>22325171340003811</subfield><subfield code='b'>1</subfield><subfield code='h'>0</subfield><subfield code='g'>p_remote</subfield><subfield code='t'>BOOK</subfield><subfield code='9'>39074010653947</subfield><subfield code='e'>p_remote</subfield><subfield code='8'>23325171330003811</subfield><subfield code='a'>0</subfield><subfield code='q'>2017-06-20 13:28:31</subfield><subfield code='i'>DP402.G46R33 1996</subfield><subfield code='d'>KARDON</subfield><subfield code='f'>KARDON</subfield></datafield></record>