
<record xmlns='http://www.loc.gov/MARC21/slim'><leader>01314nam  2200337 a 4500</leader><controlfield tag='001'>991036814333203811</controlfield><controlfield tag='005'>20170816151726.0</controlfield><controlfield tag='006'>m     o  d |      </controlfield><controlfield tag='007'>cr||||||||||||</controlfield><controlfield tag='008'>951211s1996    enkb    ob    001 0 eng d</controlfield><datafield ind1=' ' ind2=' ' tag='010'><subfield code='z'>   95051799 </subfield></datafield><datafield ind1=' ' ind2=' ' tag='020'><subfield code='a'>0-511-58215-3</subfield></datafield><datafield ind1=' ' ind2=' ' tag='020'><subfield code='a'>0-511-00095-2</subfield></datafield><datafield ind1=' ' ind2=' ' tag='035'><subfield code='a'>(CKB)111004366727338</subfield></datafield><datafield ind1=' ' ind2=' ' tag='035'><subfield code='a'>(SSID)ssj0000158869</subfield></datafield><datafield ind1=' ' ind2=' ' tag='035'><subfield code='a'>(PQKBManifestationID)11946929</subfield></datafield><datafield ind1=' ' ind2=' ' tag='035'><subfield code='a'>(PQKBTitleCode)TC0000158869</subfield></datafield><datafield ind1=' ' ind2=' ' tag='035'><subfield code='a'>(PQKBWorkID)10151594</subfield></datafield><datafield ind1=' ' ind2=' ' tag='035'><subfield code='a'>(PQKB)11724738</subfield></datafield><datafield ind1=' ' ind2=' ' tag='035'><subfield code='a'>(UkCbUP)CR9780511582158</subfield></datafield><datafield ind1=' ' ind2=' ' tag='035'><subfield code='a'>(MiAaPQ)EBC4640127</subfield></datafield><datafield ind1=' ' ind2=' ' tag='035'><subfield code='a'>(EXLCZ)99111004366727338</subfield></datafield><datafield ind1=' ' ind2=' ' tag='040'><subfield code='a'>MiAaPQ</subfield><subfield code='c'>MiAaPQ</subfield><subfield code='d'>MiAaPQ</subfield></datafield><datafield ind1=' ' ind2=' ' tag='041'><subfield code='a'>eng</subfield></datafield><datafield ind1=' ' ind2=' ' tag='043'><subfield code='a'>e-sp---</subfield></datafield><datafield ind1=' ' ind2='4' tag='050'><subfield code='a'>DP402.G46</subfield><subfield code='b'>R33 1996</subfield></datafield><datafield ind1='0' ind2='0' tag='082'><subfield code='a'>946/.19</subfield><subfield code='2'>20</subfield></datafield><datafield ind1='1' ind2=' ' tag='100'><subfield code='a'>Radcliff, Pamela Beth.</subfield></datafield><datafield ind1='1' ind2='0' tag='245'><subfield code='a'>From mobilization to civil war</subfield><subfield code='h'>[electronic resource] :</subfield><subfield code='b'>the politics of polarization in the Spanish city of Gijon, 1900-1937 /</subfield><subfield code='c'>Pamela Beth Radcliff.</subfield></datafield><datafield ind1=' ' ind2=' ' tag='260'><subfield code='a'>Cambridge ;</subfield><subfield code='a'>New York :</subfield><subfield code='b'>Cambridge University Press,</subfield><subfield code='c'>1996.</subfield></datafield><datafield ind1=' ' ind2=' ' tag='300'><subfield code='a'>1 online resource (xviii, 354 pages) :</subfield><subfield code='b'>digital, PDF file(s).</subfield></datafield><datafield ind1=' ' ind2=' ' tag='336'><subfield code='a'>text</subfield><subfield code='b'>txt</subfield></datafield><datafield ind1=' ' ind2=' ' tag='337'><subfield code='a'>computer</subfield><subfield code='b'>c</subfield></datafield><datafield ind1=' ' ind2=' ' tag='338'><subfield code='a'>online resource</subfield><subfield code='b'>cr</subfield></datafield><datafield ind1=' ' ind2=' ' tag='500'><subfield code='a'>Bibliographic Level Mode of Issuance: Monograph</subfield></datafield><datafield ind1=' ' ind2=' ' tag='546'><subfield code='a'>English</subfield></datafield><datafield ind1=' ' ind2=' ' tag='520'><subfield code='a'>This is a social history of political polarisation as it evolved in one city over three and a half decades before the Spanish Civil War. As such it is a book about the long-term origins of the War as seen &apos;from below&apos;. More broadly it is an analysis of the evolution of political culture during the transition from elite to mass politics. The book focuses on the interplay between the three main forces that competed for political control: the conservative monarchist/Catholics, the democratic republicans, and the revolutionary trade movement. It is different from other Civil War studies, in trying to understand the relationship between organised political forces and the &apos;masses&apos; they sought to reach. In doing so it reveals a rich canvas of participants and activities, from trade unions and strikes to female consumer riots.</subfield></datafield><datafield ind1=' ' ind2=' ' tag='504'><subfield code='a'>Includes bibliographical references and index.</subfield></datafield><datafield ind1=' ' ind2='0' tag='651'><subfield code='a'>Gijón (Spain)</subfield><subfield code='x'>Politics and government.</subfield></datafield><datafield ind1=' ' ind2='0' tag='651'><subfield code='a'>Spain</subfield><subfield code='x'>History</subfield><subfield code='y'>Civil War, 1936-1939</subfield><subfield code='x'>Causes</subfield><subfield code='v'>Case studies.</subfield></datafield><datafield ind1=' ' ind2='0' tag='650'><subfield code='a'>Polarization (Social sciences)</subfield><subfield code='z'>Spain</subfield><subfield code='z'>Gijón.</subfield></datafield><datafield ind1=' ' ind2='4' tag='655'><subfield code='a'>Electronic books.</subfield></datafield><datafield ind1=' ' ind2=' ' tag='776'><subfield code='z'>0-521-52659-0</subfield></datafield><datafield ind1=' ' ind2=' ' tag='776'><subfield code='z'>0-521-56213-9</subfield></datafield><datafield ind1=' ' ind2=' ' tag='906'><subfield code='a'>BOOK</subfield></datafield><datafield ind1=' ' ind2=' ' tag='ADM'><subfield code='b'>2017-11-24 17:48:39</subfield><subfield code='e'>111004366727338</subfield><subfield code='d'>CUP</subfield><subfield code='f'>20151005020621.0</subfield><subfield code='a'>2012-02-26 02:12:14</subfield><subfield code='c'>false</subfield></datafield><datafield ind1=' ' ind2=' ' tag='PRT'><subfield code='a'>53395971340003811</subfield><subfield code='b'>https://sandbox01-na.alma.exlibrisgroup.com/view/uresolver/01TULI_INST/openurl?u.ignore_date_coverage=true&amp;rft.mms_id=991036814333203811</subfield><subfield code='e'>EBSCOhost</subfield><subfield code='9'>Available</subfield><subfield code='c'>EBSCOhost eBook Community College Collection</subfield><subfield code='h'>613860000000000003</subfield><subfield code='8'>53395971340003811</subfield></datafield><datafield ind1=' ' ind2=' ' tag='PRT'><subfield code='a'>53392961760003811</subfield><subfield code='b'>https://sandbox01-na.alma.exlibrisgroup.com/view/uresolver/01TULI_INST/openurl?u.ignore_date_coverage=true&amp;rft.mms_id=991036814333203811</subfield><subfield code='e'>EBSCOhost</subfield><subfield code='9'>Available</subfield><subfield code='c'>EBSCOhost Academic eBook Collection (North America)</subfield><subfield code='h'>613640000000000029</subfield><subfield code='8'>53392961760003811</subfield></datafield></record>