
<record xmlns='http://www.loc.gov/MARC21/slim'><leader>01299cam a2200385 a 4500</leader><controlfield tag='005'>20170825183828.0</controlfield><controlfield tag='008'>970310s1997    cau      b    001 0 eng  </controlfield><controlfield tag='001'>991003131909703811</controlfield><datafield ind1=' ' ind2=' ' tag='010'><subfield code='a'>97009350</subfield></datafield><datafield ind1=' ' ind2=' ' tag='020'><subfield code='a'>0817995021 (pbk. : alk. paper)</subfield></datafield><datafield ind1=' ' ind2=' ' tag='035'><subfield code='a'>(PPT)b1841591x-01tuli_inst</subfield></datafield><datafield ind1=' ' ind2=' ' tag='035'><subfield code='a'>(DLC    )ocn483516918</subfield><subfield code='9'>ExL</subfield></datafield><datafield ind1=' ' ind2=' ' tag='035'><subfield code='a'>DLC   97009350 </subfield></datafield><datafield ind1=' ' ind2=' ' tag='035'><subfield code='a'>ocm36573691</subfield></datafield><datafield ind1=' ' ind2=' ' tag='035'><subfield code='a'>(OCLC)ocm36573691</subfield></datafield><datafield ind1=' ' ind2=' ' tag='040'><subfield code='a'>DLC</subfield><subfield code='c'>DLC</subfield><subfield code='d'>DLC</subfield></datafield><datafield ind1=' ' ind2=' ' tag='043'><subfield code='a'>e-ur-ru</subfield></datafield><datafield ind1=' ' ind2=' ' tag='079'><subfield code='a'>ocm36573691</subfield></datafield><datafield ind1=' ' ind2=' ' tag='090'><subfield code='a'>JN6699.A5M344 1997</subfield></datafield><datafield ind1='1' ind2=' ' tag='100'><subfield code='a'>McFaul, Michael,</subfield><subfield code='d'>1963-</subfield></datafield><datafield ind1='1' ind2='0' tag='245'><subfield code='a'>Russia&apos;s 1996 presidential election :</subfield><subfield code='b'>the end of polarized politics /</subfield><subfield code='c'>Michael McFaul.</subfield></datafield><datafield ind1=' ' ind2=' ' tag='260'><subfield code='a'>Stanford, Calif. :</subfield><subfield code='b'>Hoover Institution Press, Stanford University,</subfield><subfield code='c'>c1997.</subfield></datafield><datafield ind1=' ' ind2=' ' tag='300'><subfield code='a'>xiii, 169 p. ;</subfield><subfield code='c'>23 cm.</subfield></datafield><datafield ind1=' ' ind2='0' tag='440'><subfield code='a'>Hoover Institution Press publication ;</subfield><subfield code='v'>442</subfield></datafield><datafield ind1=' ' ind2=' ' tag='504'><subfield code='a'>Includes bibliographical references (p. [97]-129) and index.</subfield></datafield><datafield ind1=' ' ind2='0' tag='650'><subfield code='a'>Presidents</subfield><subfield code='z'>Russia (Federation)</subfield><subfield code='x'>Election.</subfield></datafield><datafield ind1=' ' ind2='0' tag='650'><subfield code='a'>Elections</subfield><subfield code='z'>Russia (Federation)</subfield><subfield code='x'>History.</subfield></datafield><datafield ind1=' ' ind2='0' tag='651'><subfield code='a'>Russia (Federation)</subfield><subfield code='x'>Politics and government</subfield><subfield code='y'>1991-</subfield></datafield><datafield ind1=' ' ind2=' ' tag='901'><subfield code='a'>BNA</subfield></datafield><datafield ind1=' ' ind2=' ' tag='902'><subfield code='a'>120412</subfield></datafield><datafield ind1=' ' ind2=' ' tag='907'><subfield code='a'>.b1841591x</subfield><subfield code='b'>p    </subfield><subfield code='c'>-</subfield></datafield><datafield ind1=' ' ind2=' ' tag='935'><subfield code='a'>00886333</subfield></datafield><datafield ind1=' ' ind2=' ' tag='945'><subfield code='l'>pstk </subfield><subfield code='g'>1</subfield></datafield><datafield ind1=' ' ind2=' ' tag='979'><subfield code='a'>ocm36573691</subfield></datafield><datafield ind1=' ' ind2=' ' tag='998'><subfield code='b'>1</subfield><subfield code='c'>990101</subfield><subfield code='d'>m</subfield><subfield code='e'>a</subfield><subfield code='f'>-</subfield><subfield code='g'>0</subfield></datafield><datafield ind1=' ' ind2=' ' tag='ADM'><subfield code='b'>2017-08-25 22:38:28</subfield><subfield code='e'>b1841591x-01tuli_inst</subfield><subfield code='d'>ILS</subfield><subfield code='a'>2017-06-20 11:09:33</subfield><subfield code='c'>false</subfield></datafield><datafield ind1='0' ind2=' ' tag='HLD'><subfield code='b'>MAIN</subfield><subfield code='c'>stacks</subfield><subfield code='h'>JN6699.A5M344 1997</subfield><subfield code='8'>22309529340003811</subfield></datafield><datafield ind1=' ' ind2=' ' tag='ITM'><subfield code='r'>22309529340003811</subfield><subfield code='b'>1</subfield><subfield code='h'>0</subfield><subfield code='g'>stacks</subfield><subfield code='t'>BOOK</subfield><subfield code='9'>39074011266020</subfield><subfield code='e'>stacks</subfield><subfield code='8'>23309529330003811</subfield><subfield code='a'>0</subfield><subfield code='q'>2017-06-20 11:09:33</subfield><subfield code='i'>JN6699.A5M344 1997</subfield><subfield code='d'>MAIN</subfield><subfield code='f'>MAIN</subfield></datafield></record>