
<record xmlns='http://www.loc.gov/MARC21/slim'><leader>02033nam  2200493 i 4500</leader><controlfield tag='006'>m     o  d |      </controlfield><controlfield tag='007'>cr cnu||||||||</controlfield><controlfield tag='008'>171030t20172017enka    ob    001 0beng d</controlfield><controlfield tag='001'>991036907007103811</controlfield><datafield ind1=' ' ind2=' ' tag='020'><subfield code='a'>9781107195929</subfield></datafield><datafield ind1=' ' ind2=' ' tag='020'><subfield code='a'>9781108175319 (Proquest Ebook Central)</subfield></datafield><datafield ind1=' ' ind2=' ' tag='020'><subfield code='a'>1108175317</subfield></datafield><datafield ind1=' ' ind2=' ' tag='020'><subfield code='a'>9781108175319</subfield></datafield><datafield ind1=' ' ind2=' ' tag='035'><subfield code='a'>(MiAaPQ)EBC5101524</subfield></datafield><datafield ind1=' ' ind2=' ' tag='035'><subfield code='a'>(OCoLC)1003596721</subfield></datafield><datafield ind1=' ' ind2=' ' tag='035'><subfield code='a'>(CaONFJC)EBC5101524</subfield></datafield><datafield ind1=' ' ind2=' ' tag='037'><subfield code='a'>5101524</subfield><subfield code='b'>Proquest Ebook Central</subfield></datafield><datafield ind1=' ' ind2=' ' tag='040'><subfield code='a'>CaONFJC</subfield><subfield code='e'>rda</subfield><subfield code='c'>CaONFJC</subfield></datafield><datafield ind1=' ' ind2=' ' tag='043'><subfield code='a'>n-us---</subfield></datafield><datafield ind1=' ' ind2='4' tag='050'><subfield code='a'>JK2265</subfield><subfield code='b'>.W66 2017</subfield></datafield><datafield ind1='0' ind2=' ' tag='082'><subfield code='a'>324.273</subfield><subfield code='2'>23</subfield></datafield><datafield ind1='1' ind2=' ' tag='100'><subfield code='a'>Wood, B. Dan,</subfield><subfield code='e'>author.</subfield></datafield><datafield ind1='1' ind2='0' tag='245'><subfield code='a'>Party polarization in America :</subfield><subfield code='b'>the war over two social contracts /</subfield><subfield code='c'>B. Dan Wood with Soren Jordan.</subfield></datafield><datafield ind1=' ' ind2='1' tag='264'><subfield code='a'>Cambridge, England ;</subfield><subfield code='a'>New York, New York :</subfield><subfield code='b'>Cambridge University Press,</subfield><subfield code='c'>2017.</subfield></datafield><datafield ind1=' ' ind2='4' tag='264'><subfield code='c'>©2017</subfield></datafield><datafield ind1=' ' ind2=' ' tag='300'><subfield code='a'>1 online resource (390 pages) :</subfield><subfield code='b'>illustrations</subfield></datafield><datafield ind1=' ' ind2=' ' tag='336'><subfield code='a'>text</subfield><subfield code='b'>txt</subfield><subfield code='2'>rdacontent</subfield></datafield><datafield ind1=' ' ind2=' ' tag='337'><subfield code='a'>computer</subfield><subfield code='b'>c</subfield><subfield code='2'>rdamedia</subfield></datafield><datafield ind1=' ' ind2=' ' tag='338'><subfield code='a'>online resource</subfield><subfield code='b'>cr</subfield><subfield code='2'>rdacarrier</subfield></datafield><datafield ind1=' ' ind2=' ' tag='504'><subfield code='a'>Includes bibliographical references and index.</subfield></datafield><datafield ind1=' ' ind2=' ' tag='588'><subfield code='a'>Description based on print version record.</subfield></datafield><datafield ind1=' ' ind2='0' tag='650'><subfield code='a'>Political parties</subfield><subfield code='x'>History</subfield><subfield code='z'>United States.</subfield></datafield><datafield ind1=' ' ind2='0' tag='650'><subfield code='a'>Polarization (Social sciences)</subfield><subfield code='x'>History</subfield><subfield code='z'>United States.</subfield></datafield><datafield ind1=' ' ind2='0' tag='650'><subfield code='a'>Political culture</subfield><subfield code='x'>History</subfield><subfield code='z'>United States.</subfield></datafield><datafield ind1=' ' ind2='0' tag='650'><subfield code='a'>Elite (Social sciences)</subfield><subfield code='x'>Political activity</subfield><subfield code='x'>History</subfield><subfield code='z'>United States.</subfield></datafield><datafield ind1='1' ind2=' ' tag='700'><subfield code='a'>Jordan, Soren,</subfield><subfield code='e'>author.</subfield></datafield><datafield ind1='2' ind2=' ' tag='710'><subfield code='a'>Ebook Central.</subfield></datafield><datafield ind1='0' ind2='8' tag='776'><subfield code='i'>Print version:</subfield><subfield code='a'>Wood, B. Dan.</subfield><subfield code='t'>Party polarization in America : the war over two social contracts.</subfield><subfield code='d'>Cambridge, England ; New York, New York : Cambridge University Press, c2017 </subfield><subfield code='h'>xvi, 372 pages </subfield><subfield code='z'>9781107195929 </subfield><subfield code='w'>2017005648</subfield></datafield><datafield ind1='2' ind2=' ' tag='797'><subfield code='a'>ProQuest (Firm)</subfield></datafield><datafield ind1='4' ind2='0' tag='856'><subfield code='u'>https://ebookcentral.proquest.com/lib/templeuniv-ebooks/detail.action?docID=5101524</subfield></datafield><datafield ind1=' ' ind2=' ' tag='960'><subfield code='k'>MAIN</subfield><subfield code='g'>E_BOOK</subfield><subfield code='l'>web</subfield><subfield code='o'>1</subfield><subfield code='q'>052418</subfield><subfield code='s'>140.00</subfield><subfield code='u'>e1gif</subfield><subfield code='v'>coutt</subfield></datafield><datafield ind1=' ' ind2=' ' tag='961'><subfield code='f'>acqrat</subfield><subfield code='h'>PLEASE REMOVE FROM DDA PLANEBC1U</subfield><subfield code='i'>39124602</subfield></datafield><datafield ind1=' ' ind2=' ' tag='979'><subfield code='a'>EBC5101524</subfield></datafield><datafield ind1=' ' ind2=' ' tag='PRT'><subfield code='a'>53426997070003811</subfield><subfield code='b'>https://sandbox01-na.alma.exlibrisgroup.com/view/uresolver/01TULI_INST/openurl?u.ignore_date_coverage=true&amp;rft.mms_id=991036907007103811</subfield><subfield code='d'>MAIN</subfield><subfield code='c'>Ebook Central</subfield><subfield code='8'>53426997070003811</subfield></datafield></record>