
<record xmlns='http://www.loc.gov/MARC21/slim'><leader>02321cam a2200589 i 4500</leader><controlfield tag='005'>20180315174845.0</controlfield><controlfield tag='008'>150206t20152015cou      b    001 0 eng  </controlfield><controlfield tag='001'>991010348769703811</controlfield><datafield ind1=' ' ind2=' ' tag='010'><subfield code='a'>2014042493</subfield></datafield><datafield ind1=' ' ind2=' ' tag='020'><subfield code='a'>9781626372283</subfield><subfield code='q'>hardcover</subfield><subfield code='q'>alkaline paper</subfield></datafield><datafield ind1=' ' ind2=' ' tag='020'><subfield code='a'>1626372284</subfield><subfield code='q'>hardcover</subfield><subfield code='q'>alkaline paper</subfield></datafield><datafield ind1=' ' ind2=' ' tag='035'><subfield code='a'>(PPT)b57957162-01tuli_inst</subfield></datafield><datafield ind1=' ' ind2=' ' tag='035'><subfield code='a'>(OCoLC)ocn911503752</subfield><subfield code='9'>ExL</subfield></datafield><datafield ind1=' ' ind2=' ' tag='035'><subfield code='a'>(OCoLC)896894116</subfield></datafield><datafield ind1=' ' ind2=' ' tag='035'><subfield code='a'>ocn896894116</subfield></datafield><datafield ind1=' ' ind2=' ' tag='035'><subfield code='a'>(OCLC)ocn896894116</subfield></datafield><datafield ind1=' ' ind2=' ' tag='040'><subfield code='a'>DLC</subfield><subfield code='e'>rda</subfield><subfield code='b'>eng</subfield><subfield code='c'>DLC</subfield><subfield code='d'>YDX</subfield><subfield code='d'>YDXCP</subfield><subfield code='d'>BTCTA</subfield><subfield code='d'>BDX</subfield><subfield code='d'>OCLCF</subfield><subfield code='d'>LML</subfield><subfield code='d'>OCLCO</subfield><subfield code='d'>COO</subfield><subfield code='d'>CDX</subfield></datafield><datafield ind1=' ' ind2=' ' tag='042'><subfield code='a'>pcc</subfield></datafield><datafield ind1=' ' ind2=' ' tag='043'><subfield code='a'>n-us---</subfield></datafield><datafield ind1=' ' ind2=' ' tag='079'><subfield code='a'>ocn896894116</subfield></datafield><datafield ind1=' ' ind2=' ' tag='090'><subfield code='a'>JK511</subfield><subfield code='b'>.S65 2015</subfield></datafield><datafield ind1='1' ind2=' ' tag='100'><subfield code='a'>Smith, Robert C.</subfield><subfield code='q'>(Robert Charles),</subfield><subfield code='d'>1947-</subfield><subfield code='e'>author.</subfield></datafield><datafield ind1='1' ind2='0' tag='245'><subfield code='a'>Polarization and the presidency :</subfield><subfield code='b'>from FDR to Barack Obama /</subfield><subfield code='c'>Robert C. Smith, Richard A. Seltzer.</subfield></datafield><datafield ind1=' ' ind2='1' tag='264'><subfield code='a'>Boulder, Colorado :</subfield><subfield code='b'>Lynne Rienner Publishers,</subfield><subfield code='c'>2015.</subfield></datafield><datafield ind1=' ' ind2='4' tag='264'><subfield code='c'>©2015</subfield></datafield><datafield ind1=' ' ind2=' ' tag='300'><subfield code='a'>xi, 321 pages ;</subfield><subfield code='c'>24 cm</subfield></datafield><datafield ind1=' ' ind2=' ' tag='336'><subfield code='a'>text</subfield><subfield code='b'>txt</subfield><subfield code='2'>rdacontent</subfield></datafield><datafield ind1=' ' ind2=' ' tag='337'><subfield code='a'>unmediated</subfield><subfield code='b'>n</subfield><subfield code='2'>rdamedia</subfield></datafield><datafield ind1=' ' ind2=' ' tag='338'><subfield code='a'>volume</subfield><subfield code='b'>nc</subfield><subfield code='2'>rdacarrier</subfield></datafield><datafield ind1=' ' ind2=' ' tag='504'><subfield code='a'>Includes bibliographical references and index.</subfield></datafield><datafield ind1=' ' ind2='7' tag='648'><subfield code='a'>Since 1900</subfield><subfield code='2'>fast</subfield></datafield><datafield ind1=' ' ind2='0' tag='650'><subfield code='a'>Presidents</subfield><subfield code='z'>United States</subfield><subfield code='x'>History</subfield><subfield code='y'>20th century.</subfield></datafield><datafield ind1=' ' ind2='0' tag='650'><subfield code='a'>Presidents</subfield><subfield code='z'>United States</subfield><subfield code='x'>History</subfield><subfield code='y'>21st century.</subfield></datafield><datafield ind1=' ' ind2='0' tag='650'><subfield code='a'>Polarization (Social sciences)</subfield><subfield code='z'>United States.</subfield></datafield><datafield ind1=' ' ind2='0' tag='650'><subfield code='a'>Political culture</subfield><subfield code='z'>United States</subfield><subfield code='x'>History</subfield><subfield code='y'>20th century.</subfield></datafield><datafield ind1=' ' ind2='0' tag='650'><subfield code='a'>Political culture</subfield><subfield code='z'>United States</subfield><subfield code='x'>History</subfield><subfield code='y'>21st century.</subfield></datafield><datafield ind1=' ' ind2='7' tag='650'><subfield code='a'>Polarization (Social sciences)</subfield><subfield code='2'>fast</subfield><subfield code='0'>(OCoLC)fst01068309</subfield></datafield><datafield ind1=' ' ind2='7' tag='650'><subfield code='a'>Political culture.</subfield><subfield code='2'>fast</subfield><subfield code='0'>(OCoLC)fst01069263</subfield></datafield><datafield ind1=' ' ind2='7' tag='650'><subfield code='a'>Political science.</subfield><subfield code='2'>fast</subfield><subfield code='0'>(OCoLC)fst01069781</subfield></datafield><datafield ind1=' ' ind2='7' tag='650'><subfield code='a'>Presidents.</subfield><subfield code='2'>fast</subfield><subfield code='0'>(OCoLC)fst01075723</subfield></datafield><datafield ind1=' ' ind2='0' tag='651'><subfield code='a'>United States</subfield><subfield code='x'>Politics and government</subfield><subfield code='y'>1933-1945.</subfield></datafield><datafield ind1=' ' ind2='0' tag='651'><subfield code='a'>United States</subfield><subfield code='x'>Politics and government</subfield><subfield code='y'>1945-1989.</subfield></datafield><datafield ind1=' ' ind2='0' tag='651'><subfield code='a'>United States</subfield><subfield code='x'>Politics and government</subfield><subfield code='y'>1989-</subfield></datafield><datafield ind1=' ' ind2='7' tag='651'><subfield code='a'>United States.</subfield><subfield code='2'>fast</subfield><subfield code='0'>(OCoLC)fst01204155</subfield></datafield><datafield ind1=' ' ind2='7' tag='655'><subfield code='a'>History.</subfield><subfield code='2'>fast</subfield><subfield code='0'>(OCoLC)fst01411628</subfield></datafield><datafield ind1='1' ind2=' ' tag='700'><subfield code='a'>Seltzer, Richard A.,</subfield><subfield code='d'>1951-</subfield><subfield code='e'>author.</subfield></datafield><datafield ind1=' ' ind2=' ' tag='907'><subfield code='a'>.b57957162</subfield><subfield code='b'>multi</subfield><subfield code='c'>-</subfield></datafield><datafield ind1=' ' ind2=' ' tag='945'><subfield code='l'>jtcas</subfield><subfield code='g'>1</subfield></datafield><datafield ind1=' ' ind2=' ' tag='945'><subfield code='l'>pstk </subfield><subfield code='g'>1</subfield></datafield><datafield ind1=' ' ind2=' ' tag='979'><subfield code='a'>ocn896894116</subfield></datafield><datafield ind1=' ' ind2=' ' tag='998'><subfield code='b'>3</subfield><subfield code='c'>150603</subfield><subfield code='d'>m</subfield><subfield code='e'>a</subfield><subfield code='f'>-</subfield><subfield code='g'>0</subfield></datafield><datafield ind1=' ' ind2=' ' tag='998'><subfield code='b'>1</subfield><subfield code='c'>150603</subfield><subfield code='d'>m</subfield><subfield code='e'>a</subfield><subfield code='f'>-</subfield><subfield code='g'>0</subfield></datafield><datafield ind1=' ' ind2=' ' tag='ADM'><subfield code='b'>2018-03-15 21:48:45</subfield><subfield code='e'>b57957162-01tuli_inst</subfield><subfield code='d'>ILS</subfield><subfield code='a'>2017-06-20 06:37:02</subfield><subfield code='c'>false</subfield></datafield><datafield ind1='0' ind2=' ' tag='HLD'><subfield code='b'>JAPAN</subfield><subfield code='c'>stacks</subfield><subfield code='h'>JK511</subfield><subfield code='i'>.S65 2015</subfield><subfield code='8'>22251191510003811</subfield></datafield><datafield ind1='0' ind2=' ' tag='HLD'><subfield code='b'>MAIN</subfield><subfield code='c'>stacks</subfield><subfield code='h'>JK511</subfield><subfield code='i'>.S65 2015</subfield><subfield code='8'>22251191530003811</subfield></datafield><datafield ind1=' ' ind2=' ' tag='ITM'><subfield code='r'>22251191510003811</subfield><subfield code='b'>1</subfield><subfield code='h'>0</subfield><subfield code='g'>stacks</subfield><subfield code='t'>BOOK</subfield><subfield code='9'>31982020082113</subfield><subfield code='e'>stacks</subfield><subfield code='8'>23251191500003811</subfield><subfield code='a'>0</subfield><subfield code='q'>2017-06-20 06:37:02</subfield><subfield code='i'>JK511 .S65 2015</subfield><subfield code='d'>JAPAN</subfield><subfield code='f'>JAPAN</subfield></datafield><datafield ind1=' ' ind2=' ' tag='ITM'><subfield code='r'>22251191530003811</subfield><subfield code='b'>1</subfield><subfield code='h'>0</subfield><subfield code='g'>stacks</subfield><subfield code='t'>BOOK</subfield><subfield code='9'>39074028785012</subfield><subfield code='e'>stacks</subfield><subfield code='8'>23251191520003811</subfield><subfield code='a'>0</subfield><subfield code='q'>2017-06-20 06:37:02</subfield><subfield code='i'>JK511 .S65 2015</subfield><subfield code='d'>MAIN</subfield><subfield code='f'>MAIN</subfield></datafield></record>