
<record xmlns='http://www.loc.gov/MARC21/slim'><leader>03731cam a2200493 i 4500</leader><controlfield tag='005'>20180425145049.0</controlfield><controlfield tag='008'>170428t20172017enka     b    001 0 eng  </controlfield><controlfield tag='001'>991036890709203811</controlfield><datafield ind1=' ' ind2=' ' tag='010'><subfield code='a'>  2017005648</subfield></datafield><datafield ind1=' ' ind2=' ' tag='019'><subfield code='a'>973750298</subfield><subfield code='a'>973801731</subfield><subfield code='a'>973897030</subfield></datafield><datafield ind1=' ' ind2=' ' tag='020'><subfield code='a'>9781107195929</subfield><subfield code='q'>(hardcover)</subfield></datafield><datafield ind1=' ' ind2=' ' tag='020'><subfield code='a'>1107195926</subfield><subfield code='q'>(hardcover)</subfield></datafield><datafield ind1=' ' ind2=' ' tag='035'><subfield code='a'>(OCoLC)984973588</subfield><subfield code='z'>(OCoLC)973750298</subfield><subfield code='z'>(OCoLC)973801731</subfield><subfield code='z'>(OCoLC)973897030</subfield></datafield><datafield ind1=' ' ind2=' ' tag='040'><subfield code='a'>DLC</subfield><subfield code='b'>eng</subfield><subfield code='e'>rda</subfield><subfield code='c'>DLC</subfield><subfield code='d'>OCLCO</subfield><subfield code='d'>BTCTA</subfield><subfield code='d'>OCLCF</subfield><subfield code='d'>YDX</subfield><subfield code='d'>YDX</subfield><subfield code='d'>GZM</subfield><subfield code='d'>WLU</subfield><subfield code='d'>OCLCQ</subfield><subfield code='d'>EYM</subfield><subfield code='d'>TFW</subfield><subfield code='d'>FIE</subfield><subfield code='d'>EQO</subfield><subfield code='d'>GZN</subfield><subfield code='d'>OCLCQ</subfield></datafield><datafield ind1=' ' ind2=' ' tag='042'><subfield code='a'>pcc</subfield></datafield><datafield ind1=' ' ind2=' ' tag='043'><subfield code='a'>n-us---</subfield></datafield><datafield ind1='0' ind2='0' tag='050'><subfield code='a'>JK2265</subfield><subfield code='b'>.W66 2017</subfield></datafield><datafield ind1='0' ind2='0' tag='082'><subfield code='a'>324.273</subfield><subfield code='2'>23</subfield></datafield><datafield ind1=' ' ind2=' ' tag='090'><subfield code='a'>JK2265</subfield><subfield code='b'>.W66 2017</subfield></datafield><datafield ind1='1' ind2=' ' tag='100'><subfield code='a'>Wood, B. Dan,</subfield><subfield code='e'>author.</subfield></datafield><datafield ind1='1' ind2='0' tag='245'><subfield code='a'>Party polarization in America :</subfield><subfield code='b'>the war over two social contracts /</subfield><subfield code='c'>B. Dan Wood with Soren Jordan.</subfield></datafield><datafield ind1=' ' ind2='1' tag='264'><subfield code='a'>Cambridge, United Kingdom ;</subfield><subfield code='a'>New York, NY :</subfield><subfield code='b'>Cambridge University Press,</subfield><subfield code='c'>2017.</subfield></datafield><datafield ind1=' ' ind2='4' tag='264'><subfield code='c'>©2017</subfield></datafield><datafield ind1=' ' ind2=' ' tag='300'><subfield code='a'>xv, 371 pages :</subfield><subfield code='b'>illustrations ;</subfield><subfield code='c'>24 cm</subfield></datafield><datafield ind1=' ' ind2=' ' tag='336'><subfield code='a'>text</subfield><subfield code='b'>txt</subfield><subfield code='2'>rdacontent</subfield></datafield><datafield ind1=' ' ind2=' ' tag='337'><subfield code='a'>unmediated</subfield><subfield code='b'>n</subfield><subfield code='2'>rdamedia</subfield></datafield><datafield ind1=' ' ind2=' ' tag='338'><subfield code='a'>volume</subfield><subfield code='b'>nc</subfield><subfield code='2'>rdacarrier</subfield></datafield><datafield ind1=' ' ind2=' ' tag='520'><subfield code='a'>&quot;This book develops a general explanation for party polarization in America from both historical and contemporary perspectives. Prior polarization studies focused exclusively on the modern era, but this work traces party polarization from the constitutional convention of 1787 to the present. Using such a broad historical perspective shows that what was unusual in American history was the period of low polarization from the Great Depression through 1980, rather than the period of high polarization of the modern era. Polarization is the norm of the American system, not the exception, and is likely to persist in the future. More theoretically, party polarization in America has been due to class-based conflict and rent-seeking by the patrician and plebian classes in various historical eras, rather than conflict over cultural values. As in earlier historical eras, modern party polarization has largely been elite-driven, with party entrepreneurs cunningly and strategically using polarization to their advantage&quot;--</subfield><subfield code='c'>Provided by publisher.</subfield></datafield><datafield ind1=' ' ind2=' ' tag='504'><subfield code='a'>Includes bibliographical references and index.</subfield></datafield><datafield ind1='0' ind2=' ' tag='505'><subfield code='a'>1. Theoretical perspectives on party polarization in America -- 2. Establishing the founders&apos; social contract from the constitutional convention through George Washington -- 3. The consequences of the founders&apos; social contract from reconstruction to the Great Depression -- 4. Forging the new deal social contract from the Great Depression through World War II -- 5. The new deal social contract through the 1970s -- 6. Polarization over the new deal social contract from the 1970s to present -- 7. Are Americans ideologically polarized? -- 8. Elite polarization and democratic representation -- 9. Polarization as the norm of the American system.</subfield></datafield><datafield ind1=' ' ind2='0' tag='650'><subfield code='a'>Political parties</subfield><subfield code='z'>United States</subfield><subfield code='x'>History.</subfield></datafield><datafield ind1=' ' ind2='0' tag='650'><subfield code='a'>Polarization (Social sciences)</subfield><subfield code='z'>United States</subfield><subfield code='x'>History.</subfield></datafield><datafield ind1=' ' ind2='0' tag='650'><subfield code='a'>Political culture</subfield><subfield code='z'>United States</subfield><subfield code='x'>History.</subfield></datafield><datafield ind1=' ' ind2='0' tag='650'><subfield code='a'>Elite (Social sciences)</subfield><subfield code='x'>Political activity</subfield><subfield code='z'>United States</subfield><subfield code='x'>History.</subfield></datafield><datafield ind1=' ' ind2='7' tag='650'><subfield code='a'>POLITICAL SCIENCE</subfield><subfield code='x'>Government</subfield><subfield code='x'>General.</subfield><subfield code='2'>bisacsh</subfield></datafield><datafield ind1=' ' ind2='7' tag='650'><subfield code='a'>Elite (Social sciences)</subfield><subfield code='x'>Political activity.</subfield><subfield code='2'>fast</subfield><subfield code='0'>(OCoLC)fst00908119</subfield></datafield><datafield ind1=' ' ind2='7' tag='650'><subfield code='a'>Polarization (Social sciences)</subfield><subfield code='2'>fast</subfield><subfield code='0'>(OCoLC)fst01068309</subfield></datafield><datafield ind1=' ' ind2='7' tag='650'><subfield code='a'>Political culture.</subfield><subfield code='2'>fast</subfield><subfield code='0'>(OCoLC)fst01069263</subfield></datafield><datafield ind1=' ' ind2='7' tag='650'><subfield code='a'>Political parties.</subfield><subfield code='2'>fast</subfield><subfield code='0'>(OCoLC)fst01069410</subfield></datafield><datafield ind1=' ' ind2='7' tag='651'><subfield code='a'>United States.</subfield><subfield code='2'>fast</subfield><subfield code='0'>(OCoLC)fst01204155</subfield></datafield><datafield ind1=' ' ind2='7' tag='655'><subfield code='a'>History.</subfield><subfield code='2'>fast</subfield><subfield code='0'>(OCoLC)fst01411628</subfield></datafield><datafield ind1='1' ind2=' ' tag='700'><subfield code='a'>Jordan, Soren,</subfield><subfield code='e'>author.</subfield></datafield><datafield ind1=' ' ind2=' ' tag='979'><subfield code='a'>ocn984973588</subfield></datafield><datafield ind1=' ' ind2=' ' tag='997'><subfield code='a'>20180409004210.0</subfield><subfield code='c'>TUJ</subfield><subfield code='s'>DLC</subfield><subfield code='e'>MARCIVE</subfield></datafield><datafield ind1='0' ind2=' ' tag='HLD'><subfield code='b'>JAPAN</subfield><subfield code='c'>stacks</subfield><subfield code='h'>JK2265</subfield><subfield code='i'>.W66 2017</subfield><subfield code='8'>22415349720003811</subfield></datafield><datafield ind1=' ' ind2=' ' tag='ITM'><subfield code='b'>1</subfield><subfield code='h'>0</subfield><subfield code='g'>stacks</subfield><subfield code='9'>31982070501160</subfield><subfield code='e'>stacks</subfield><subfield code='8'>23415349700003811</subfield><subfield code='a'>0</subfield><subfield code='q'>2018-04-09 04:45:56</subfield><subfield code='i'>JK2265 .W66 2017</subfield><subfield code='d'>JAPAN</subfield><subfield code='r'>2018-04-09 04:46:50</subfield><subfield code='f'>JAPAN</subfield></datafield></record>