
<record xmlns='http://www.loc.gov/MARC21/slim'><leader>01115nam  2200301 a 4500</leader><controlfield tag='001'>991036747475203811</controlfield><controlfield tag='005'>20170918190704.0</controlfield><controlfield tag='006'>m     o  d |      </controlfield><controlfield tag='007'>cr -n---------</controlfield><controlfield tag='008'>080124s2008    enka    ob    001 0 eng  </controlfield><datafield ind1=' ' ind2=' ' tag='010'><subfield code='z'>  2008002445</subfield></datafield><datafield ind1=' ' ind2=' ' tag='020'><subfield code='a'>1-281-90340-X</subfield></datafield><datafield ind1=' ' ind2=' ' tag='020'><subfield code='a'>9786611903404</subfield></datafield><datafield ind1=' ' ind2=' ' tag='020'><subfield code='a'>0-511-79065-1</subfield></datafield><datafield ind1=' ' ind2=' ' tag='020'><subfield code='a'>0-511-43746-3</subfield></datafield><datafield ind1=' ' ind2=' ' tag='020'><subfield code='a'>0-511-43813-3</subfield></datafield><datafield ind1=' ' ind2=' ' tag='020'><subfield code='a'>0-511-43600-9</subfield></datafield><datafield ind1=' ' ind2=' ' tag='020'><subfield code='a'>0-511-43521-5</subfield></datafield><datafield ind1=' ' ind2=' ' tag='020'><subfield code='a'>0-511-43678-5</subfield></datafield><datafield ind1=' ' ind2=' ' tag='035'><subfield code='a'>(CKB)1000000000552564</subfield></datafield><datafield ind1=' ' ind2=' ' tag='035'><subfield code='a'>(EBL)367094</subfield></datafield><datafield ind1=' ' ind2=' ' tag='035'><subfield code='a'>(OCoLC)437234527</subfield></datafield><datafield ind1=' ' ind2=' ' tag='035'><subfield code='a'>(SSID)ssj0000218397</subfield></datafield><datafield ind1=' ' ind2=' ' tag='035'><subfield code='a'>(PQKBManifestationID)11198631</subfield></datafield><datafield ind1=' ' ind2=' ' tag='035'><subfield code='a'>(PQKBTitleCode)TC0000218397</subfield></datafield><datafield ind1=' ' ind2=' ' tag='035'><subfield code='a'>(PQKBWorkID)10213853</subfield></datafield><datafield ind1=' ' ind2=' ' tag='035'><subfield code='a'>(PQKB)11538622</subfield></datafield><datafield ind1=' ' ind2=' ' tag='035'><subfield code='a'>(UkCbUP)CR9780511790652</subfield></datafield><datafield ind1=' ' ind2=' ' tag='035'><subfield code='a'>(MiAaPQ)EBC367094</subfield></datafield><datafield ind1=' ' ind2=' ' tag='035'><subfield code='a'>(EXLCZ)991000000000552564</subfield></datafield><datafield ind1=' ' ind2=' ' tag='040'><subfield code='a'>MiAaPQ</subfield><subfield code='c'>MiAaPQ</subfield><subfield code='d'>MiAaPQ</subfield></datafield><datafield ind1=' ' ind2=' ' tag='041'><subfield code='a'>eng</subfield></datafield><datafield ind1=' ' ind2=' ' tag='043'><subfield code='a'>n-us---</subfield></datafield><datafield ind1=' ' ind2='4' tag='050'><subfield code='a'>JK1021</subfield><subfield code='b'>.T32 2008</subfield></datafield><datafield ind1='0' ind2='0' tag='082'><subfield code='a'>328.73/0769</subfield></datafield><datafield ind1='1' ind2=' ' tag='100'><subfield code='a'>Theriault, Sean M.,</subfield><subfield code='d'>1972-</subfield></datafield><datafield ind1='1' ind2='0' tag='245'><subfield code='a'>Party polarization in Congress</subfield><subfield code='h'>[electronic resource] /</subfield><subfield code='c'>Sean M. Theriault.</subfield></datafield><datafield ind1=' ' ind2=' ' tag='260'><subfield code='a'>Cambridge ;</subfield><subfield code='a'>New York :</subfield><subfield code='b'>Cambridge University Press,</subfield><subfield code='c'>2008.</subfield></datafield><datafield ind1=' ' ind2=' ' tag='300'><subfield code='a'>1 online resource (255 p.)</subfield></datafield><datafield ind1=' ' ind2=' ' tag='336'><subfield code='a'>text</subfield><subfield code='b'>txt</subfield></datafield><datafield ind1=' ' ind2=' ' tag='337'><subfield code='a'>computer</subfield><subfield code='b'>c</subfield></datafield><datafield ind1=' ' ind2=' ' tag='338'><subfield code='a'>online resource</subfield><subfield code='b'>cr</subfield></datafield><datafield ind1=' ' ind2=' ' tag='500'><subfield code='a'>Description based upon print version of record.</subfield></datafield><datafield ind1='0' ind2=' ' tag='505'><subfield code='a'>Cover; Half-title; Title; Copyright; Contents; Acknowledgments; 1 Party Polarization in the U.S. Congress; I. The Argument of the Book; II. Conclusions Reached in the Extant Literature; III. The Plan of the Book; PART I BUILDING BLOCKS FOR EXPLAINING PARTY POLARIZATION; 2 A Brief History of Party Polarization; 3 Explanations for Party Polarization; PART II CONSTITUENCY CHANGE; 4 Redistricting; 5 The Political and Geographic Sorting of Constituents; 6 Extremism of Party Activists; PART III INSTITUTIONAL CHANGE; 7 Connecting Constituency Change to Institutional Change</subfield></datafield><datafield ind1='8' ind2=' ' tag='505'><subfield code='a'>8 The Interaction in the Legislative Process9 The Link between the House and the Senate; 10 Procedural Polarization in the U.S. Congress; Bibliography; Index</subfield></datafield><datafield ind1=' ' ind2=' ' tag='520'><subfield code='a'>Theriault examines how Democrats and Republicans on Capitol Hill have become polarized since the early 1970s.</subfield></datafield><datafield ind1=' ' ind2=' ' tag='546'><subfield code='a'>English</subfield></datafield><datafield ind1=' ' ind2=' ' tag='504'><subfield code='a'>Includes bibliographical references (p. 229-238) and index.</subfield></datafield><datafield ind1='1' ind2='0' tag='610'><subfield code='a'>United States.</subfield><subfield code='b'>Congress.</subfield></datafield><datafield ind1=' ' ind2='0' tag='650'><subfield code='a'>Political parties</subfield><subfield code='z'>United States.</subfield></datafield><datafield ind1=' ' ind2='0' tag='650'><subfield code='a'>Opposition (Political science)</subfield><subfield code='z'>United States.</subfield></datafield><datafield ind1=' ' ind2='4' tag='655'><subfield code='a'>Electronic books.</subfield></datafield><datafield ind1=' ' ind2=' ' tag='776'><subfield code='z'>0-521-71768-X</subfield></datafield><datafield ind1=' ' ind2=' ' tag='776'><subfield code='z'>0-521-88893-X</subfield></datafield><datafield ind1=' ' ind2=' ' tag='906'><subfield code='a'>BOOK</subfield></datafield><datafield ind1=' ' ind2=' ' tag='PRT'><subfield code='a'>53420637790003811</subfield><subfield code='b'>https://sandbox01-na.alma.exlibrisgroup.com/view/uresolver/01TULI_INST/openurl?u.ignore_date_coverage=true&amp;rft.mms_id=991036747475203811</subfield><subfield code='e'>Ebook Central</subfield><subfield code='c'>Ebook Central Academic Complete</subfield><subfield code='h'>614200000000000002</subfield><subfield code='8'>53420637790003811</subfield></datafield></record>