
<record xmlns='http://www.loc.gov/MARC21/slim'><leader>01516nam a22003853a 4500</leader><controlfield tag='005'>20180315145015.0</controlfield><controlfield tag='006'>m        d        </controlfield><controlfield tag='007'>cr||n|||||||||</controlfield><controlfield tag='008'>080124s2008    enka    sb    001 0 eng d</controlfield><controlfield tag='001'>991008189909703811</controlfield><datafield ind1=' ' ind2=' ' tag='020'><subfield code='a'>9780521888936 (hardback)</subfield></datafield><datafield ind1=' ' ind2=' ' tag='020'><subfield code='a'>9780521717687 (pbk.)</subfield></datafield><datafield ind1='8' ind2=' ' tag='024'><subfield code='a'>9786611903404</subfield></datafield><datafield ind1=' ' ind2=' ' tag='035'><subfield code='a'>(PPT)b45632078-01tuli_inst</subfield></datafield><datafield ind1=' ' ind2=' ' tag='035'><subfield code='a'>(CaONFJC)cis9458477</subfield><subfield code='9'>ExL</subfield></datafield><datafield ind1=' ' ind2=' ' tag='037'><subfield code='a'>190340</subfield><subfield code='b'>MIL</subfield></datafield><datafield ind1=' ' ind2=' ' tag='040'><subfield code='a'>CaONFJC</subfield><subfield code='c'>CaONFJC</subfield></datafield><datafield ind1=' ' ind2=' ' tag='043'><subfield code='a'>n-us---</subfield></datafield><datafield ind1=' ' ind2=' ' tag='090'><subfield code='a'>JK1021</subfield><subfield code='b'>.T32 2008eb</subfield></datafield><datafield ind1='1' ind2=' ' tag='100'><subfield code='a'>Theriault, Sean M.,</subfield><subfield code='d'>1972-</subfield></datafield><datafield ind1='1' ind2='0' tag='245'><subfield code='a'>Party polarization in Congress</subfield><subfield code='h'>[electronic resource] /</subfield><subfield code='c'>Sean M. Theriault.</subfield></datafield><datafield ind1=' ' ind2=' ' tag='260'><subfield code='a'>Cambridge ;</subfield><subfield code='a'>New York :</subfield><subfield code='b'>Cambridge University Press,</subfield><subfield code='c'>2008.</subfield></datafield><datafield ind1=' ' ind2=' ' tag='300'><subfield code='a'>1 online resource (x, 243 p.) :</subfield><subfield code='b'>ill.</subfield></datafield><datafield ind1=' ' ind2=' ' tag='504'><subfield code='a'>Includes bibliographical references (p. 229-238) and index.</subfield></datafield><datafield ind1=' ' ind2=' ' tag='588'><subfield code='a'>Description based on print version record.</subfield></datafield><datafield ind1=' ' ind2=' ' tag='590'><subfield code='a'>Access is available to the Temple Community through use of a networked computer with a Temple IP address.</subfield></datafield><datafield ind1='1' ind2='0' tag='610'><subfield code='a'>United States.</subfield><subfield code='b'>Congress</subfield></datafield><datafield ind1=' ' ind2='0' tag='650'><subfield code='a'>Political parties</subfield><subfield code='z'>United States.</subfield></datafield><datafield ind1=' ' ind2='0' tag='650'><subfield code='a'>Opposition (Political science)</subfield><subfield code='z'>United States.</subfield></datafield><datafield ind1=' ' ind2='7' tag='655'><subfield code='a'>Electronic books.</subfield><subfield code='2'>local</subfield></datafield><datafield ind1='0' ind2='8' tag='776'><subfield code='i'>Print version:</subfield><subfield code='w'>(DLC)2008002445</subfield><subfield code='z'>9780521888936</subfield></datafield><datafield ind1='4' ind2='0' tag='856'><subfield code='u'>http://libproxy.temple.edu/login?url=http://lib.myilibrary.com/detail.asp?ID=190340</subfield><subfield code='z'>Connect to MyiLibrary resource.</subfield></datafield><datafield ind1=' ' ind2=' ' tag='907'><subfield code='a'>.b45632078</subfield><subfield code='b'>w    </subfield><subfield code='c'>-</subfield></datafield><datafield ind1=' ' ind2=' ' tag='945'><subfield code='l'>w    </subfield><subfield code='g'>1</subfield></datafield><datafield ind1=' ' ind2=' ' tag='998'><subfield code='b'>0</subfield><subfield code='d'>m</subfield><subfield code='e'>@</subfield><subfield code='f'>-</subfield><subfield code='g'>0</subfield></datafield><datafield ind1=' ' ind2=' ' tag='ADM'><subfield code='b'>2018-03-25 08:44:17</subfield><subfield code='e'>b45632078-01tuli_inst</subfield><subfield code='d'>ILS</subfield><subfield code='a'>2017-06-20 07:31:39</subfield><subfield code='c'>false</subfield></datafield><datafield ind1=' ' ind2=' ' tag='PRT'><subfield code='a'>53375857500003811</subfield><subfield code='b'>https://sandbox01-na.alma.exlibrisgroup.com/view/uresolver/01TULI_INST/openurl?u.ignore_date_coverage=true&amp;rft.mms_id=991008189909703811</subfield><subfield code='f'>Connect to MyiLibrary resource.</subfield><subfield code='9'>Available</subfield><subfield code='d'>MAIN</subfield><subfield code='c'>MyiLibrary</subfield><subfield code='8'>53375857500003811</subfield></datafield></record>