
<record xmlns='http://www.loc.gov/MARC21/slim'><leader>03908cam a2200721Ia 4500</leader><controlfield tag='005'>20150320070735.3</controlfield><controlfield tag='006'>m     o  d        </controlfield><controlfield tag='007'>cr cn|||||||||</controlfield><controlfield tag='008'>100721s2009    nyua    ob    001 0 eng d</controlfield><controlfield tag='001'>991020550669703811</controlfield><datafield ind1=' ' ind2=' ' tag='020'><subfield code='a'>9781848002296</subfield></datafield><datafield ind1=' ' ind2=' ' tag='020'><subfield code='a'>1848002297</subfield></datafield><datafield ind1=' ' ind2=' ' tag='020'><subfield code='a'>9780387792538</subfield></datafield><datafield ind1=' ' ind2=' ' tag='020'><subfield code='a'>0387792538</subfield></datafield><datafield ind1=' ' ind2=' ' tag='020'><subfield code='z'>9780387792521 (alk. paper)</subfield></datafield><datafield ind1=' ' ind2=' ' tag='020'><subfield code='z'>038779252X</subfield></datafield><datafield ind1=' ' ind2=' ' tag='035'><subfield code='a'>(PPT)b49696117-01tuli_inst</subfield></datafield><datafield ind1=' ' ind2=' ' tag='035'><subfield code='a'>(OCoLC)649426414</subfield><subfield code='z'>(OCoLC)656233035</subfield><subfield code='z'>(OCoLC)663881032</subfield><subfield code='z'>(OCoLC)681872217</subfield><subfield code='z'>(OCoLC)694360419</subfield><subfield code='z'>(OCoLC)746947299</subfield><subfield code='z'>(OCoLC)767184549</subfield></datafield><datafield ind1=' ' ind2=' ' tag='037'><subfield code='a'>978-1-84800-228-9</subfield><subfield code='b'>Springer</subfield><subfield code='n'>http://www.springerlink.com</subfield></datafield><datafield ind1=' ' ind2=' ' tag='040'><subfield code='a'>GW5XE</subfield><subfield code='b'>eng</subfield><subfield code='e'>pn</subfield><subfield code='c'>GW5XE</subfield><subfield code='d'>VPI</subfield><subfield code='d'>OCLCQ</subfield><subfield code='d'>E7B</subfield><subfield code='d'>OCLCQ</subfield><subfield code='d'>CPV</subfield><subfield code='d'>NLGGC</subfield><subfield code='d'>YDXCP</subfield><subfield code='d'>EBLCP</subfield><subfield code='d'>UAB</subfield><subfield code='d'>N$T</subfield><subfield code='d'>MHW</subfield><subfield code='d'>CEF</subfield><subfield code='d'>ISOBC</subfield><subfield code='d'>OCLCQ</subfield><subfield code='d'>OCLCO</subfield><subfield code='d'>OCLCQ</subfield><subfield code='d'>OCLCF</subfield><subfield code='d'>BEDGE</subfield><subfield code='d'>OCLCQ</subfield><subfield code='d'>COO</subfield></datafield><datafield ind1=' ' ind2=' ' tag='049'><subfield code='a'>TEUU</subfield></datafield><datafield ind1=' ' ind2='7' tag='072'><subfield code='a'>POL</subfield><subfield code='x'>023000</subfield><subfield code='2'>bisacsh</subfield></datafield><datafield ind1=' ' ind2='7' tag='072'><subfield code='a'>BUS</subfield><subfield code='x'>039000</subfield><subfield code='2'>bisacsh</subfield></datafield><datafield ind1=' ' ind2=' ' tag='090'><subfield code='a'>HB523</subfield><subfield code='b'>.C443 2009</subfield></datafield><datafield ind1='1' ind2=' ' tag='100'><subfield code='a'>Chakravarty, Satya R.</subfield></datafield><datafield ind1='1' ind2='0' tag='245'><subfield code='a'>Inequality, polarization and poverty</subfield><subfield code='h'>[electronic resource] :</subfield><subfield code='b'>advances in distributional analysis /</subfield><subfield code='c'>Satya R. Chakravarty.</subfield></datafield><datafield ind1=' ' ind2=' ' tag='260'><subfield code='a'>New York :</subfield><subfield code='b'>Springer,</subfield><subfield code='c'>2009.</subfield></datafield><datafield ind1=' ' ind2=' ' tag='300'><subfield code='a'>1 online resource (x, 178 pages) :</subfield><subfield code='b'>illustrations.</subfield></datafield><datafield ind1=' ' ind2=' ' tag='336'><subfield code='a'>text</subfield><subfield code='b'>txt</subfield><subfield code='2'>rdacontent</subfield></datafield><datafield ind1=' ' ind2=' ' tag='337'><subfield code='a'>computer</subfield><subfield code='b'>c</subfield><subfield code='2'>rdamedia</subfield></datafield><datafield ind1=' ' ind2=' ' tag='338'><subfield code='a'>online resource</subfield><subfield code='b'>cr</subfield><subfield code='2'>rdacarrier</subfield></datafield><datafield ind1='1' ind2=' ' tag='490'><subfield code='a'>Economic studies in inequality, social exclusion, and well-being ;</subfield><subfield code='v'>v. 6</subfield></datafield><datafield ind1=' ' ind2=' ' tag='504'><subfield code='a'>Includes bibliographical references (pages 151-170) and index.</subfield></datafield><datafield ind1='0' ind2=' ' tag='505'><subfield code='a'>The Measurement of Income Inequality.- Inequality and Income Poverty.- Measuring Income Deprivation.- The Measurement of Income Polarization.- The Measurement of Multidimensional Inequality.- The Measurement of Multidimensional Poverty.</subfield></datafield><datafield ind1=' ' ind2=' ' tag='520'><subfield code='a'>The study of inequality, polarization and poverty is crucial for understanding the economic well-being of the population of a country. Conceptual and methodological advances and better data have provided better insights into these issues in recent years, and it is the objective of the book to present a systematic and up-to-date treatment of the developments in the subject. Both welfare theoretic and descriptive approaches are discussed and, since the wellbeing of a population depends on income and non-income indicators, both unidimensional and multidimensional frameworks are taken into conside.</subfield></datafield><datafield ind1='0' ind2=' ' tag='588'><subfield code='a'>Print version record.</subfield></datafield><datafield ind1=' ' ind2=' ' tag='590'><subfield code='a'>Access is available to the Temple Community through use of a networked computer with a Temple IP address.</subfield></datafield><datafield ind1=' ' ind2='0' tag='650'><subfield code='a'>Income distribution</subfield><subfield code='x'>Mathematical models.</subfield></datafield><datafield ind1=' ' ind2='4' tag='650'><subfield code='a'>Income distribution.</subfield></datafield><datafield ind1=' ' ind2='4' tag='650'><subfield code='a'>Mathematical models.</subfield></datafield><datafield ind1=' ' ind2='4' tag='650'><subfield code='a'>Business.</subfield></datafield><datafield ind1=' ' ind2='7' tag='650'><subfield code='a'>POLITICAL SCIENCE</subfield><subfield code='x'>Economic Conditions.</subfield><subfield code='2'>bisacsh</subfield></datafield><datafield ind1=' ' ind2='7' tag='650'><subfield code='a'>BUSINESS &amp; ECONOMICS</subfield><subfield code='x'>Economics</subfield><subfield code='x'>Macroeconomics.</subfield><subfield code='2'>bisacsh</subfield></datafield><datafield ind1=' ' ind2='7' tag='650'><subfield code='a'>Economie de l&apos;entreprise.</subfield><subfield code='2'>eclas</subfield></datafield><datafield ind1=' ' ind2='7' tag='650'><subfield code='a'>Science économique.</subfield><subfield code='2'>eclas</subfield></datafield><datafield ind1=' ' ind2='7' tag='650'><subfield code='a'>Affaires.</subfield><subfield code='2'>eclas</subfield></datafield><datafield ind1=' ' ind2='7' tag='650'><subfield code='a'>Income distribution</subfield><subfield code='x'>Mathematical models.</subfield><subfield code='2'>fast</subfield><subfield code='0'>(OCoLC)fst00968680</subfield></datafield><datafield ind1=' ' ind2='7' tag='650'><subfield code='a'>Armoede.</subfield><subfield code='2'>gtt</subfield></datafield><datafield ind1=' ' ind2='7' tag='650'><subfield code='a'>Sociale achterstand.</subfield><subfield code='2'>gtt</subfield></datafield><datafield ind1='0' ind2='7' tag='650'><subfield code='a'>Verteilungstheorie.</subfield><subfield code='2'>swd</subfield></datafield><datafield ind1='0' ind2='7' tag='650'><subfield code='a'>Verteilungsgerechtigkeit.</subfield><subfield code='2'>swd</subfield></datafield><datafield ind1='0' ind2='7' tag='650'><subfield code='a'>Einkommensverteilung.</subfield><subfield code='2'>swd</subfield></datafield><datafield ind1=' ' ind2='4' tag='655'><subfield code='a'>Electronic books.</subfield></datafield><datafield ind1=' ' ind2='7' tag='655'><subfield code='a'>Electronic books.</subfield><subfield code='2'>local</subfield></datafield><datafield ind1='2' ind2=' ' tag='710'><subfield code='a'>SpringerLink (Online service)</subfield></datafield><datafield ind1='0' ind2='8' tag='776'><subfield code='i'>Print version:</subfield><subfield code='a'>Chakravarty, Satya R.</subfield><subfield code='t'>Inequality, polarization and poverty.</subfield><subfield code='d'>New York : Springer, 2009</subfield><subfield code='z'>9780387792521</subfield><subfield code='z'>038779252X</subfield><subfield code='w'>(DLC)  2008940831</subfield><subfield code='w'>(OCoLC)233932245</subfield></datafield><datafield ind1=' ' ind2='0' tag='830'><subfield code='a'>Economic studies in inequality, social exclusion and well-being ;</subfield><subfield code='v'>v. 6.</subfield></datafield><datafield ind1='4' ind2='0' tag='856'><subfield code='z'>Access full text online.</subfield><subfield code='u'>http://libproxy.temple.edu/login?url=http://link.springer.com/10.1007/978-0-387-79253-8</subfield></datafield><datafield ind1=' ' ind2=' ' tag='907'><subfield code='a'>.b49696117</subfield><subfield code='b'>w    </subfield><subfield code='c'>-</subfield></datafield><datafield ind1=' ' ind2=' ' tag='902'><subfield code='a'>170601</subfield></datafield><datafield ind1=' ' ind2=' ' tag='998'><subfield code='b'>0</subfield><subfield code='c'>110925</subfield><subfield code='d'>m</subfield><subfield code='e'>@</subfield><subfield code='f'>-</subfield><subfield code='g'>0</subfield></datafield><datafield ind1=' ' ind2=' ' tag='902'><subfield code='a'>SpringerLink 2015-09-30</subfield></datafield><datafield ind1=' ' ind2=' ' tag='945'><subfield code='l'>w    </subfield><subfield code='g'>1</subfield></datafield><datafield ind1=' ' ind2=' ' tag='ADM'><subfield code='e'>b49696117-01tuli_inst</subfield><subfield code='d'>ILS</subfield><subfield code='a'>2017-06-20 06:44:55</subfield><subfield code='c'>false</subfield></datafield><datafield ind1=' ' ind2=' ' tag='PRT'><subfield code='a'>53374258090003811</subfield><subfield code='b'>https://sandbox01-na.alma.exlibrisgroup.com/view/uresolver/01TULI_INST/openurl?u.ignore_date_coverage=true&amp;rft.mms_id=991020550669703811</subfield><subfield code='f'>Access full text online.</subfield><subfield code='9'>Available</subfield><subfield code='d'>MAIN</subfield><subfield code='c'>SpringerLink Ebooks</subfield><subfield code='8'>53374258090003811</subfield></datafield></record>