
<record xmlns='http://www.loc.gov/MARC21/slim'><leader>02554cam a2200469 i 4500</leader><controlfield tag='005'>20180315125413.0</controlfield><controlfield tag='008'>121210s2013    enka     b    001 0 eng  </controlfield><controlfield tag='001'>991035283539703811</controlfield><datafield ind1=' ' ind2=' ' tag='010'><subfield code='a'>2012042043</subfield></datafield><datafield ind1=' ' ind2=' ' tag='020'><subfield code='a'>9780415690942 (hbk)</subfield></datafield><datafield ind1=' ' ind2=' ' tag='020'><subfield code='a'>0415690943 (hbk)</subfield></datafield><datafield ind1=' ' ind2=' ' tag='020'><subfield code='a'>9780415690959 (pbk)</subfield></datafield><datafield ind1=' ' ind2=' ' tag='020'><subfield code='a'>0415690951 (pbk)</subfield></datafield><datafield ind1=' ' ind2=' ' tag='020'><subfield code='z'>9780203524381 (ebk)</subfield></datafield><datafield ind1=' ' ind2=' ' tag='020'><subfield code='z'>0203524381 (ebk)</subfield></datafield><datafield ind1=' ' ind2=' ' tag='035'><subfield code='a'>(PPT)b54624095-01tuli_inst</subfield></datafield><datafield ind1=' ' ind2=' ' tag='035'><subfield code='a'>(OCoLC)ocn853607122</subfield><subfield code='9'>ExL</subfield></datafield><datafield ind1=' ' ind2=' ' tag='035'><subfield code='a'>(OCoLC)764305012</subfield></datafield><datafield ind1=' ' ind2=' ' tag='035'><subfield code='a'>ocn764305012</subfield></datafield><datafield ind1=' ' ind2=' ' tag='035'><subfield code='a'>(OCLC)ocn764305012</subfield></datafield><datafield ind1=' ' ind2=' ' tag='040'><subfield code='a'>DLC</subfield><subfield code='b'>eng</subfield><subfield code='e'>rda</subfield><subfield code='c'>DLC</subfield><subfield code='d'>BTCTA</subfield><subfield code='d'>UKMGB</subfield><subfield code='d'>YDXCP</subfield><subfield code='d'>CDX</subfield><subfield code='d'>BWX</subfield><subfield code='d'>OCLCQ</subfield><subfield code='d'>IUL</subfield><subfield code='d'>SDB</subfield></datafield><datafield ind1=' ' ind2=' ' tag='042'><subfield code='a'>pcc</subfield></datafield><datafield ind1=' ' ind2=' ' tag='043'><subfield code='a'>n-us---</subfield></datafield><datafield ind1=' ' ind2=' ' tag='079'><subfield code='a'>ocn764305012</subfield></datafield><datafield ind1=' ' ind2=' ' tag='090'><subfield code='a'>JK275</subfield><subfield code='b'>.I87 2013</subfield></datafield><datafield ind1='0' ind2='0' tag='245'><subfield code='a'>Issues in American politics :</subfield><subfield code='b'>polarized politics in the age of Obama /</subfield><subfield code='c'>edited by John Dumbrell.</subfield></datafield><datafield ind1=' ' ind2='1' tag='264'><subfield code='a'>Milton Park, Abingdon, Oxon ;</subfield><subfield code='a'>New York :</subfield><subfield code='b'>Routledge,</subfield><subfield code='c'>2013.</subfield></datafield><datafield ind1=' ' ind2=' ' tag='300'><subfield code='a'>xii, 196 pages :</subfield><subfield code='b'>illustrations ;</subfield><subfield code='c'>25 cm</subfield></datafield><datafield ind1=' ' ind2=' ' tag='336'><subfield code='a'>text</subfield><subfield code='b'>txt</subfield><subfield code='2'>rdacontent</subfield></datafield><datafield ind1=' ' ind2=' ' tag='337'><subfield code='a'>unmediated</subfield><subfield code='b'>n</subfield><subfield code='2'>rdamedia</subfield></datafield><datafield ind1=' ' ind2=' ' tag='338'><subfield code='a'>volume</subfield><subfield code='b'>nc</subfield><subfield code='2'>rdacarrier</subfield></datafield><datafield ind1=' ' ind2=' ' tag='504'><subfield code='a'>Includes bibliographical references and index.</subfield></datafield><datafield ind1='0' ind2=' ' tag='505'><subfield code='a'>Barack Obama and the strategic presidency / George C. Edwards III -- The problem of presidential strategy / Jon Herbert -- Health politics and the Patient Protection and Affordable Care Act / Daniel Béland and Alex Waddan -- The Obama administration, the promise of reform and the role of business interests / Edward Ashbee -- The quest for renewed economic prosperity: US economic policy in the 21st century / Iwan Morgan -- The culture war: Is America polarizing? / Andrew Wroe -- The onward march of (asymmetric) political polarization in the contemporary Congress / John E. Owens -- Never mind the details: here&apos;s the Tea Party / Clodagh Harrington -- The Sarah Palin phenomenon: the Washington-Hollywood-Wall Street syndrome in American politics, and more ... / Clive S. Thomas -- Contemporary elections / Philip John Davies -- American campaign finance in comparative perspective / Dean McSweeney -- The ever weakening wall?: the Roberts Supreme Court and the church-state debate / Emma Long.</subfield></datafield><datafield ind1='1' ind2='0' tag='600'><subfield code='a'>Obama, Barack.</subfield></datafield><datafield ind1=' ' ind2='0' tag='651'><subfield code='a'>United States</subfield><subfield code='x'>Politics and government</subfield><subfield code='y'>2009-2017</subfield></datafield><datafield ind1=' ' ind2='0' tag='651'><subfield code='a'>United States</subfield><subfield code='x'>Social conditions</subfield><subfield code='y'>21st century.</subfield></datafield><datafield ind1='1' ind2=' ' tag='700'><subfield code='a'>Dumbrell, John,</subfield><subfield code='d'>1950-</subfield></datafield><datafield ind1=' ' ind2=' ' tag='907'><subfield code='a'>.b54624095</subfield><subfield code='b'>p    </subfield><subfield code='c'>-</subfield></datafield><datafield ind1=' ' ind2=' ' tag='945'><subfield code='l'>pstk </subfield><subfield code='g'>1</subfield></datafield><datafield ind1=' ' ind2=' ' tag='979'><subfield code='a'>ocn764305012</subfield></datafield><datafield ind1=' ' ind2=' ' tag='998'><subfield code='b'>1</subfield><subfield code='c'>130708</subfield><subfield code='d'>m</subfield><subfield code='e'>a</subfield><subfield code='f'>-</subfield><subfield code='g'>0</subfield></datafield><datafield ind1=' ' ind2=' ' tag='998'><subfield code='b'>1</subfield><subfield code='c'>130708</subfield><subfield code='d'>m</subfield><subfield code='e'>a</subfield><subfield code='f'>-</subfield><subfield code='g'>0</subfield></datafield><datafield ind1=' ' ind2=' ' tag='ADM'><subfield code='b'>2018-03-15 16:54:13</subfield><subfield code='e'>b54624095-01tuli_inst</subfield><subfield code='d'>ILS</subfield><subfield code='a'>2017-06-20 06:35:53</subfield><subfield code='c'>false</subfield></datafield><datafield ind1='0' ind2=' ' tag='HLD'><subfield code='b'>MAIN</subfield><subfield code='c'>stacks</subfield><subfield code='h'>JK275</subfield><subfield code='i'>.I87 2013</subfield><subfield code='8'>22250825270003811</subfield></datafield><datafield ind1=' ' ind2=' ' tag='ITM'><subfield code='r'>22250825270003811</subfield><subfield code='b'>1</subfield><subfield code='h'>0</subfield><subfield code='g'>stacks</subfield><subfield code='t'>BOOK</subfield><subfield code='9'>39074026555250</subfield><subfield code='e'>stacks</subfield><subfield code='8'>23250825260003811</subfield><subfield code='a'>0</subfield><subfield code='q'>2017-06-20 06:35:53</subfield><subfield code='i'>JK275 .I87 2013</subfield><subfield code='d'>MAIN</subfield><subfield code='f'>MAIN</subfield></datafield></record>