
<record xmlns='http://www.loc.gov/MARC21/slim'><leader>01913cam a22004218a 4500</leader><controlfield tag='005'>20180315125442.0</controlfield><controlfield tag='008'>090129s2009    enk           001 0 eng  </controlfield><controlfield tag='001'>991036448319703811</controlfield><datafield ind1=' ' ind2=' ' tag='010'><subfield code='a'>2009004019</subfield></datafield><datafield ind1=' ' ind2=' ' tag='020'><subfield code='a'>9780521884334 (hardback)</subfield></datafield><datafield ind1=' ' ind2=' ' tag='020'><subfield code='a'>9780521711241 (pbk.)</subfield></datafield><datafield ind1=' ' ind2=' ' tag='035'><subfield code='a'>(PPT)b41365379-01tuli_inst</subfield></datafield><datafield ind1=' ' ind2=' ' tag='035'><subfield code='a'>(DLC)ocn624868651</subfield><subfield code='9'>ExL</subfield></datafield><datafield ind1=' ' ind2=' ' tag='035'><subfield code='a'>ocn300983148</subfield></datafield><datafield ind1=' ' ind2=' ' tag='035'><subfield code='a'>(OCLC)ocn300983148</subfield></datafield><datafield ind1=' ' ind2=' ' tag='040'><subfield code='a'>DLC</subfield><subfield code='c'>DLC</subfield><subfield code='d'>DLC</subfield></datafield><datafield ind1=' ' ind2=' ' tag='043'><subfield code='a'>n-us---</subfield></datafield><datafield ind1=' ' ind2=' ' tag='079'><subfield code='a'>ocn300983148</subfield></datafield><datafield ind1=' ' ind2=' ' tag='090'><subfield code='a'>E902</subfield><subfield code='b'>.H48 2009</subfield></datafield><datafield ind1='1' ind2=' ' tag='100'><subfield code='a'>Hetherington, Marc J.,</subfield><subfield code='d'>1968-</subfield></datafield><datafield ind1='1' ind2='0' tag='245'><subfield code='a'>Authoritarianism and polarization in American politics /</subfield><subfield code='c'>Marc J. Hetherington, Jonathan Weiler.</subfield></datafield><datafield ind1=' ' ind2=' ' tag='260'><subfield code='a'>Cambridge ;</subfield><subfield code='a'>New York :</subfield><subfield code='b'>Cambridge University Press,</subfield><subfield code='c'>2009.</subfield></datafield><datafield ind1=' ' ind2=' ' tag='300'><subfield code='a'>xi, 234 p. :</subfield><subfield code='b'>ill. ;</subfield><subfield code='c'>25 cm.</subfield></datafield><datafield ind1=' ' ind2=' ' tag='500'><subfield code='a'>Includes index.</subfield></datafield><datafield ind1='0' ind2=' ' tag='505'><subfield code='a'>Spanking or time out : a clash of worldviews? -- Putting polarization in perspective -- Authoritarianism and non-authoritarianism : concepts and measures -- Historical account of the roots of worldview evolution -- How authoritarianism structures contemporary issues -- Threat and authoritarianism : polarization or convergence -- Evidence of worldview evolution -- Immigration : a reinforcing cleavage that constrains the GOP -- What the 2008 democratic nomination struggle reveals about party polarization -- A somewhat different take on polarization.</subfield></datafield><datafield ind1=' ' ind2='0' tag='650'><subfield code='a'>Authoritarianism</subfield><subfield code='z'>United States.</subfield></datafield><datafield ind1=' ' ind2='0' tag='651'><subfield code='a'>United States</subfield><subfield code='x'>Politics and government</subfield><subfield code='y'>2001-2009.</subfield></datafield><datafield ind1=' ' ind2='0' tag='650'><subfield code='a'>Right and left (Political science)</subfield><subfield code='v'>Case studies.</subfield></datafield><datafield ind1=' ' ind2='0' tag='650'><subfield code='a'>Polarization (Social sciences)</subfield><subfield code='v'>Case studies.</subfield></datafield><datafield ind1='1' ind2=' ' tag='700'><subfield code='a'>Weiler, Jonathan,</subfield><subfield code='d'>1965-</subfield></datafield><datafield ind1=' ' ind2=' ' tag='901'><subfield code='a'>BNA</subfield></datafield><datafield ind1=' ' ind2=' ' tag='901'><subfield code='a'>R7803442</subfield></datafield><datafield ind1=' ' ind2=' ' tag='902'><subfield code='a'>090923AB0701</subfield></datafield><datafield ind1=' ' ind2=' ' tag='907'><subfield code='a'>.b41365379</subfield><subfield code='b'>p    </subfield><subfield code='c'>-</subfield></datafield><datafield ind1=' ' ind2=' ' tag='945'><subfield code='l'>pstk </subfield><subfield code='g'>1</subfield></datafield><datafield ind1=' ' ind2=' ' tag='979'><subfield code='a'>ocn300983148</subfield></datafield><datafield ind1=' ' ind2=' ' tag='998'><subfield code='b'>1</subfield><subfield code='c'>090930</subfield><subfield code='d'>m</subfield><subfield code='e'>a</subfield><subfield code='f'>-</subfield><subfield code='g'>0</subfield></datafield><datafield ind1=' ' ind2=' ' tag='998'><subfield code='b'>1</subfield><subfield code='c'>090930</subfield><subfield code='d'>m</subfield><subfield code='e'>a</subfield><subfield code='f'>-</subfield><subfield code='g'>0</subfield></datafield><datafield ind1=' ' ind2=' ' tag='ADM'><subfield code='b'>2018-03-15 16:54:42</subfield><subfield code='e'>b41365379-01tuli_inst</subfield><subfield code='d'>ILS</subfield><subfield code='a'>2017-06-20 06:59:44</subfield><subfield code='c'>false</subfield></datafield><datafield ind1='0' ind2=' ' tag='HLD'><subfield code='b'>MAIN</subfield><subfield code='c'>stacks</subfield><subfield code='h'>E902</subfield><subfield code='i'>.H48 2009</subfield><subfield code='8'>22258744800003811</subfield></datafield><datafield ind1=' ' ind2=' ' tag='ITM'><subfield code='r'>22258744800003811</subfield><subfield code='b'>0</subfield><subfield code='u'>LOAN</subfield><subfield code='h'>0</subfield><subfield code='g'>stacks</subfield><subfield code='t'>BOOK</subfield><subfield code='9'>39074025570169</subfield><subfield code='e'>stacks</subfield><subfield code='8'>23258744760003811</subfield><subfield code='a'>0</subfield><subfield code='q'>2017-06-20 06:59:44</subfield><subfield code='i'>E902 .H48 2009</subfield><subfield code='d'>MAIN</subfield><subfield code='f'>MAIN</subfield></datafield></record>