
<record xmlns='http://www.loc.gov/MARC21/slim'><leader>02588cam a2200661 i 4500</leader><controlfield tag='005'>20170826003826.0</controlfield><controlfield tag='008'>150413s2015    nyua     b    001 0 eng  </controlfield><controlfield tag='001'>991012408459703811</controlfield><datafield ind1=' ' ind2=' ' tag='010'><subfield code='a'>2015000071</subfield></datafield><datafield ind1=' ' ind2=' ' tag='020'><subfield code='a'>9780190239817</subfield><subfield code='q'>hardcover</subfield><subfield code='q'>alkaline paper</subfield></datafield><datafield ind1=' ' ind2=' ' tag='020'><subfield code='a'>0190239816</subfield><subfield code='q'>hardcover</subfield><subfield code='q'>alkaline paper</subfield></datafield><datafield ind1=' ' ind2=' ' tag='020'><subfield code='a'>9780190239824</subfield><subfield code='q'>paperback</subfield><subfield code='q'>alkaline paper</subfield></datafield><datafield ind1=' ' ind2=' ' tag='020'><subfield code='a'>0190239824</subfield><subfield code='q'>paperback</subfield><subfield code='q'>alkaline paper</subfield></datafield><datafield ind1=' ' ind2=' ' tag='035'><subfield code='a'>(PPT)b58485181-01tuli_inst</subfield></datafield><datafield ind1=' ' ind2=' ' tag='035'><subfield code='a'>(OCoLC)ocn928607223</subfield><subfield code='9'>ExL</subfield></datafield><datafield ind1=' ' ind2=' ' tag='035'><subfield code='a'>(OCoLC)907494338</subfield><subfield code='z'>(OCoLC)914289967</subfield></datafield><datafield ind1=' ' ind2=' ' tag='035'><subfield code='a'>ocn907494338</subfield></datafield><datafield ind1=' ' ind2=' ' tag='035'><subfield code='a'>(OCLC)ocn907494338</subfield></datafield><datafield ind1=' ' ind2=' ' tag='040'><subfield code='a'>DLC</subfield><subfield code='e'>rda</subfield><subfield code='b'>eng</subfield><subfield code='c'>DLC</subfield><subfield code='d'>YDX</subfield><subfield code='d'>BDX</subfield><subfield code='d'>YDXCP</subfield><subfield code='d'>BTCTA</subfield><subfield code='d'>CDX</subfield><subfield code='d'>OCLCF</subfield></datafield><datafield ind1=' ' ind2=' ' tag='042'><subfield code='a'>pcc</subfield></datafield><datafield ind1=' ' ind2=' ' tag='043'><subfield code='a'>n-us---</subfield></datafield><datafield ind1=' ' ind2=' ' tag='079'><subfield code='a'>ocn907494338</subfield></datafield><datafield ind1=' ' ind2=' ' tag='090'><subfield code='a'>JC599.U5</subfield><subfield code='b'>B688 2015</subfield></datafield><datafield ind1='1' ind2=' ' tag='100'><subfield code='a'>Brewer, Mark D.,</subfield><subfield code='e'>author.</subfield></datafield><datafield ind1='1' ind2='0' tag='245'><subfield code='a'>Polarization and the politics of personal responsibility /</subfield><subfield code='c'>Mark D. Brewer and Jeffrey M. Stonecash.</subfield></datafield><datafield ind1=' ' ind2='1' tag='264'><subfield code='a'>New York, NY :</subfield><subfield code='b'>Oxford University Press,</subfield><subfield code='c'>[2015]</subfield></datafield><datafield ind1=' ' ind2=' ' tag='300'><subfield code='a'>xii, 211 pages ;</subfield><subfield code='c'>24 cm</subfield></datafield><datafield ind1=' ' ind2=' ' tag='336'><subfield code='a'>text</subfield><subfield code='b'>txt</subfield><subfield code='2'>rdacontent</subfield></datafield><datafield ind1=' ' ind2=' ' tag='337'><subfield code='a'>unmediated</subfield><subfield code='b'>n</subfield><subfield code='2'>rdamedia</subfield></datafield><datafield ind1=' ' ind2=' ' tag='338'><subfield code='a'>volume</subfield><subfield code='b'>nc</subfield><subfield code='2'>rdacarrier</subfield></datafield><datafield ind1=' ' ind2=' ' tag='504'><subfield code='a'>Includes bibliographical references and index.</subfield></datafield><datafield ind1=' ' ind2='0' tag='650'><subfield code='a'>Liberty.</subfield></datafield><datafield ind1=' ' ind2='0' tag='650'><subfield code='a'>Responsibility.</subfield></datafield><datafield ind1=' ' ind2='0' tag='650'><subfield code='a'>Divided government</subfield><subfield code='z'>United States.</subfield></datafield><datafield ind1=' ' ind2='0' tag='650'><subfield code='a'>Polarization (Social sciences)</subfield><subfield code='z'>United States.</subfield></datafield><datafield ind1=' ' ind2='0' tag='650'><subfield code='a'>Political parties</subfield><subfield code='z'>United States.</subfield></datafield><datafield ind1=' ' ind2='0' tag='650'><subfield code='a'>Right and left (Political science)</subfield><subfield code='z'>United States.</subfield></datafield><datafield ind1=' ' ind2='0' tag='650'><subfield code='a'>Political planning</subfield><subfield code='z'>United States.</subfield></datafield><datafield ind1=' ' ind2='7' tag='650'><subfield code='a'>Divided government.</subfield><subfield code='2'>fast</subfield><subfield code='0'>(OCoLC)fst00895726</subfield></datafield><datafield ind1=' ' ind2='7' tag='650'><subfield code='a'>Liberty.</subfield><subfield code='2'>fast</subfield><subfield code='0'>(OCoLC)fst00997251</subfield></datafield><datafield ind1=' ' ind2='7' tag='650'><subfield code='a'>Polarization (Social sciences)</subfield><subfield code='2'>fast</subfield><subfield code='0'>(OCoLC)fst01068309</subfield></datafield><datafield ind1=' ' ind2='7' tag='650'><subfield code='a'>Political parties.</subfield><subfield code='2'>fast</subfield><subfield code='0'>(OCoLC)fst01069410</subfield></datafield><datafield ind1=' ' ind2='7' tag='650'><subfield code='a'>Political planning.</subfield><subfield code='2'>fast</subfield><subfield code='0'>(OCoLC)fst01069460</subfield></datafield><datafield ind1=' ' ind2='7' tag='650'><subfield code='a'>Politics and government.</subfield><subfield code='2'>fast</subfield><subfield code='0'>(OCoLC)fst01919741</subfield></datafield><datafield ind1=' ' ind2='7' tag='650'><subfield code='a'>Responsibility.</subfield><subfield code='2'>fast</subfield><subfield code='0'>(OCoLC)fst01095857</subfield></datafield><datafield ind1=' ' ind2='7' tag='650'><subfield code='a'>Right and left (Political science)</subfield><subfield code='2'>fast</subfield><subfield code='0'>(OCoLC)fst01097849</subfield></datafield><datafield ind1=' ' ind2='7' tag='650'><subfield code='a'>Social conditions.</subfield><subfield code='2'>fast</subfield><subfield code='0'>(OCoLC)fst01919811</subfield></datafield><datafield ind1=' ' ind2='7' tag='650'><subfield code='a'>Social policy.</subfield><subfield code='2'>fast</subfield><subfield code='0'>(OCoLC)fst01122738</subfield></datafield><datafield ind1=' ' ind2='0' tag='651'><subfield code='a'>United States</subfield><subfield code='x'>Social policy.</subfield></datafield><datafield ind1=' ' ind2='0' tag='651'><subfield code='a'>United States</subfield><subfield code='x'>Social conditions.</subfield></datafield><datafield ind1=' ' ind2='0' tag='651'><subfield code='a'>United States</subfield><subfield code='x'>Politics and government.</subfield></datafield><datafield ind1=' ' ind2='7' tag='651'><subfield code='a'>United States.</subfield><subfield code='2'>fast</subfield><subfield code='0'>(OCoLC)fst01204155</subfield></datafield><datafield ind1='1' ind2=' ' tag='700'><subfield code='a'>Stonecash, Jeffrey M.,</subfield><subfield code='e'>author.</subfield></datafield><datafield ind1=' ' ind2=' ' tag='902'><subfield code='a'>160414</subfield></datafield><datafield ind1=' ' ind2=' ' tag='907'><subfield code='a'>.b58485181</subfield><subfield code='b'>p    </subfield><subfield code='c'>-</subfield></datafield><datafield ind1=' ' ind2=' ' tag='945'><subfield code='l'>pstk </subfield><subfield code='g'>1</subfield></datafield><datafield ind1=' ' ind2=' ' tag='979'><subfield code='a'>ocn907494338</subfield></datafield><datafield ind1=' ' ind2=' ' tag='998'><subfield code='b'>1</subfield><subfield code='c'>151030</subfield><subfield code='d'>m</subfield><subfield code='e'>a</subfield><subfield code='f'>-</subfield><subfield code='g'>0</subfield></datafield><datafield ind1=' ' ind2=' ' tag='ADM'><subfield code='b'>2018-03-15 22:25:15</subfield><subfield code='e'>b58485181-01tuli_inst</subfield><subfield code='d'>ILS</subfield><subfield code='a'>2017-06-20 06:53:15</subfield><subfield code='c'>false</subfield></datafield><datafield ind1='0' ind2=' ' tag='HLD'><subfield code='b'>MAIN</subfield><subfield code='c'>stacks</subfield><subfield code='h'>JC599.U5</subfield><subfield code='i'>B688 2015</subfield><subfield code='8'>22256556520003811</subfield></datafield><datafield ind1=' ' ind2=' ' tag='ITM'><subfield code='r'>22256556520003811</subfield><subfield code='b'>1</subfield><subfield code='h'>0</subfield><subfield code='g'>stacks</subfield><subfield code='t'>BOOK</subfield><subfield code='9'>39074028827616</subfield><subfield code='e'>stacks</subfield><subfield code='8'>23256556510003811</subfield><subfield code='a'>0</subfield><subfield code='q'>2017-06-20 06:53:15</subfield><subfield code='i'>JC599.U5 B688 2015</subfield><subfield code='d'>MAIN</subfield><subfield code='f'>MAIN</subfield></datafield></record>