
<record xmlns='http://www.loc.gov/MARC21/slim'><leader>01409cam a2200421 a 4500</leader><controlfield tag='005'>20170825191730.0</controlfield><controlfield tag='008'>931116s1990    cau           00010 eng d</controlfield><controlfield tag='001'>991031446629703811</controlfield><datafield ind1=' ' ind2=' ' tag='035'><subfield code='a'>(PPT)b16463766-01tuli_inst</subfield></datafield><datafield ind1=' ' ind2=' ' tag='035'><subfield code='a'>(CStRLIN)ocn476465370</subfield><subfield code='9'>ExL</subfield></datafield><datafield ind1=' ' ind2=' ' tag='035'><subfield code='a'>PATG93-B25915</subfield></datafield><datafield ind1=' ' ind2=' ' tag='035'><subfield code='a'>ocm22301531</subfield></datafield><datafield ind1=' ' ind2=' ' tag='035'><subfield code='a'>(OCLC)ocm22301531</subfield></datafield><datafield ind1=' ' ind2=' ' tag='040'><subfield code='a'>MiDW</subfield><subfield code='c'>MiDW</subfield><subfield code='d'>CU</subfield><subfield code='d'>UPB</subfield><subfield code='d'>PPT</subfield></datafield><datafield ind1=' ' ind2=' ' tag='043'><subfield code='a'>e-ur---</subfield></datafield><datafield ind1=' ' ind2=' ' tag='079'><subfield code='a'>ocm22301531</subfield></datafield><datafield ind1=' ' ind2=' ' tag='090'><subfield code='a'>AS36.R295x no.3143</subfield></datafield><datafield ind1='1' ind2=' ' tag='100'><subfield code='a'>Azrael, Jeremy R.,</subfield><subfield code='d'>1935-2009</subfield></datafield><datafield ind1='1' ind2='0' tag='245'><subfield code='a'>Restructuring and the polarization of Soviet politics /</subfield><subfield code='c'>Jeremy R. Azrael.</subfield></datafield><datafield ind1=' ' ind2=' ' tag='260'><subfield code='a'>Santa Monica, CA :</subfield><subfield code='b'>Rand,</subfield><subfield code='c'>1990.</subfield></datafield><datafield ind1=' ' ind2=' ' tag='300'><subfield code='a'>vii, 15 p. ;</subfield><subfield code='c'>28 cm.</subfield></datafield><datafield ind1=' ' ind2='2' tag='440'><subfield code='a'>A Rand note ;</subfield><subfield code='v'>N-3143-A</subfield></datafield><datafield ind1=' ' ind2=' ' tag='500'><subfield code='a'>&quot;June 1990.&quot;</subfield></datafield><datafield ind1=' ' ind2=' ' tag='500'><subfield code='a'>&quot;Prepared for the United States Army.&quot;</subfield></datafield><datafield ind1=' ' ind2='0' tag='651'><subfield code='a'>Russia</subfield><subfield code='x'>Politics and government</subfield><subfield code='y'>1801-1917.</subfield></datafield><datafield ind1=' ' ind2='0' tag='651'><subfield code='a'>Soviet Union</subfield><subfield code='x'>Politics and government.</subfield></datafield><datafield ind1='2' ind2='0' tag='710'><subfield code='a'>Rand Corporation.</subfield></datafield><datafield ind1='1' ind2='0' tag='710'><subfield code='a'>United States.</subfield><subfield code='b'>Army.</subfield></datafield><datafield ind1=' ' ind2=' ' tag='902'><subfield code='a'>170420</subfield></datafield><datafield ind1=' ' ind2=' ' tag='902'><subfield code='a'>BOUND IN: AS36.R295x no.3143-3148.</subfield></datafield><datafield ind1=' ' ind2=' ' tag='907'><subfield code='a'>.b16463766</subfield><subfield code='b'>k    </subfield><subfield code='c'>-</subfield></datafield><datafield ind1=' ' ind2=' ' tag='935'><subfield code='a'>00704520</subfield></datafield><datafield ind1=' ' ind2=' ' tag='945'><subfield code='l'>kstk </subfield><subfield code='g'>1</subfield></datafield><datafield ind1=' ' ind2=' ' tag='950'><subfield code='l'>P</subfield><subfield code='i'>12/08/93 N</subfield><subfield code='h'>11/16/93 N</subfield></datafield><datafield ind1=' ' ind2=' ' tag='955'><subfield code='l'>P</subfield><subfield code='c'>0</subfield><subfield code='s'>BOUND IN: AS36.R295x no.3143-3148</subfield><subfield code='h'>11/16/93 C</subfield></datafield><datafield ind1=' ' ind2=' ' tag='979'><subfield code='a'>ocm22301531</subfield></datafield><datafield ind1=' ' ind2=' ' tag='998'><subfield code='b'>1</subfield><subfield code='c'>990101</subfield><subfield code='d'>m</subfield><subfield code='e'>a</subfield><subfield code='f'>-</subfield><subfield code='g'>0</subfield></datafield><datafield ind1=' ' ind2=' ' tag='998'><subfield code='a'>12/08/93</subfield><subfield code='t'>c</subfield><subfield code='s'>9115</subfield><subfield code='n'>PPT</subfield><subfield code='w'>UTBG92B13431</subfield><subfield code='d'>11/16/93</subfield><subfield code='c'>EC</subfield><subfield code='b'>SN</subfield><subfield code='i'>931208</subfield><subfield code='h'>931116</subfield><subfield code='l'>PATG</subfield></datafield><datafield ind1=' ' ind2=' ' tag='ADM'><subfield code='b'>2018-03-25 08:29:25</subfield><subfield code='e'>b16463766-01tuli_inst</subfield><subfield code='d'>ILS</subfield><subfield code='a'>2017-06-20 07:34:01</subfield><subfield code='c'>false</subfield></datafield><datafield ind1='0' ind2=' ' tag='HLD'><subfield code='b'>KARDON</subfield><subfield code='c'>p_remote</subfield><subfield code='h'>AS36.R295x no.3143</subfield><subfield code='8'>22268656040003811</subfield></datafield><datafield ind1=' ' ind2=' ' tag='ITM'><subfield code='r'>22268656040003811</subfield><subfield code='b'>1</subfield><subfield code='h'>0</subfield><subfield code='g'>p_remote</subfield><subfield code='t'>BOOK</subfield><subfield code='9'>39074009131947</subfield><subfield code='e'>p_remote</subfield><subfield code='8'>23268656030003811</subfield><subfield code='a'>0</subfield><subfield code='q'>2017-06-20 07:34:01</subfield><subfield code='i'>AS36.R295x no.3143</subfield><subfield code='d'>KARDON</subfield><subfield code='f'>KARDON</subfield></datafield></record>