
<record xmlns='http://www.loc.gov/MARC21/slim'><leader>03961cam a2200553 a 4500</leader><controlfield tag='005'>20170825233301.0</controlfield><controlfield tag='008'>061017s2006    caua     b    001 0 eng  </controlfield><controlfield tag='001'>991024960479703811</controlfield><datafield ind1=' ' ind2=' ' tag='010'><subfield code='a'>2006034595</subfield></datafield><datafield ind1=' ' ind2=' ' tag='020'><subfield code='a'>9780815760825 (cloth : alk. paper)</subfield></datafield><datafield ind1=' ' ind2=' ' tag='020'><subfield code='a'>0815760825 (cloth : alk. paper)</subfield></datafield><datafield ind1=' ' ind2=' ' tag='020'><subfield code='a'>9780815760832 (pbk. : alk. paper)</subfield></datafield><datafield ind1=' ' ind2=' ' tag='020'><subfield code='a'>0815760833 (pbk. : alk. paper)</subfield></datafield><datafield ind1=' ' ind2=' ' tag='020'><subfield code='a'>9780815760801 (v. 2 : cloth)</subfield></datafield><datafield ind1=' ' ind2=' ' tag='020'><subfield code='a'>0815760809 (v. 2 : cloth)</subfield></datafield><datafield ind1=' ' ind2=' ' tag='020'><subfield code='a'>9780815760795 (v. 2 : pbk.)</subfield></datafield><datafield ind1=' ' ind2=' ' tag='020'><subfield code='a'>0815760795 (v. 2 : pbk.)</subfield></datafield><datafield ind1=' ' ind2=' ' tag='035'><subfield code='a'>(PPT)b32926406-01tuli_inst</subfield></datafield><datafield ind1=' ' ind2=' ' tag='035'><subfield code='a'>(OCoLC)ocn492198530</subfield><subfield code='9'>ExL</subfield></datafield><datafield ind1=' ' ind2=' ' tag='035'><subfield code='a'>(OCoLC)74029299</subfield></datafield><datafield ind1=' ' ind2=' ' tag='035'><subfield code='a'>ocm74029299</subfield></datafield><datafield ind1=' ' ind2=' ' tag='035'><subfield code='a'>(OCLC)ocm74029299</subfield></datafield><datafield ind1=' ' ind2=' ' tag='040'><subfield code='a'>DLC</subfield><subfield code='c'>DLC</subfield><subfield code='d'>BAKER</subfield><subfield code='d'>UKM</subfield><subfield code='d'>DBI</subfield><subfield code='d'>C#P</subfield><subfield code='d'>YDXCP</subfield><subfield code='d'>IXA</subfield><subfield code='d'>BTCTA</subfield><subfield code='d'>CKK</subfield></datafield><datafield ind1=' ' ind2=' ' tag='042'><subfield code='a'>lcac</subfield></datafield><datafield ind1=' ' ind2=' ' tag='043'><subfield code='a'>n-us---</subfield></datafield><datafield ind1=' ' ind2=' ' tag='079'><subfield code='a'>ocm74029299</subfield></datafield><datafield ind1=' ' ind2=' ' tag='090'><subfield code='a'>JK2261</subfield><subfield code='b'>.R28 2006</subfield></datafield><datafield ind1='0' ind2='0' tag='245'><subfield code='a'>Red and blue nation? :</subfield><subfield code='b'>characteristics and causes of America&apos;s polarized politics /</subfield><subfield code='c'>Pietro S. Nivola, David W. Brady, editors.</subfield></datafield><datafield ind1=' ' ind2=' ' tag='260'><subfield code='a'>[Stanford, Calif.] :</subfield><subfield code='b'>Hoover Institution on War, Revolution, and Peace, Stanford University ;</subfield><subfield code='a'>Washington, D.C. :</subfield><subfield code='b'>Brookings Institution Press,</subfield><subfield code='c'>c2006-</subfield></datafield><datafield ind1=' ' ind2=' ' tag='300'><subfield code='a'>v. :</subfield><subfield code='b'>ill. ;</subfield><subfield code='c'>23 cm.</subfield></datafield><datafield ind1=' ' ind2=' ' tag='500'><subfield code='a'>Subtitle varies.</subfield></datafield><datafield ind1=' ' ind2=' ' tag='520'><subfield code='a'>&quot;Considers the extent to which polarized views among political leaders and activists are reflected in the population at large. Pays particular attention to factors such as the increased influence of religion and the changing nature of the media and offers thoughtful analyses of the underlying problems&quot;--Provided by publisher.</subfield></datafield><datafield ind1=' ' ind2=' ' tag='504'><subfield code='a'>Includes bibliographical references and index.</subfield></datafield><datafield ind1='1' ind2='0' tag='505'><subfield code='g'>v. 1.</subfield><subfield code='t'>Delineating the problem /</subfield><subfield code='r'>William A. Galston,</subfield><subfield code='r'>Pietro S. Nivola --</subfield><subfield code='t'>Disconnected : the political class versus the people /</subfield><subfield code='r'>Morris P. Fiorina,</subfield><subfield code='r'>Matthew S. Levendusky.</subfield><subfield code='g'>Comments :</subfield><subfield code='t'>Disconnected, or joined at the hip? /</subfield><subfield code='r'>Alan I. Abramowitz,</subfield><subfield code='r'>Gary C. Jacobson ;</subfield><subfield code='g'>Rejoinder /</subfield><subfield code='r'>Morris P. Fiorina,</subfield><subfield code='r'>Matthew S. Levendusky ;</subfield><subfield code='g'>Rejoinder /</subfield><subfield code='r'>Alan I. Abramowitz --</subfield><subfield code='t'>Polarization then and now : a historical perspective /</subfield><subfield code='r'>David W. Brady,</subfield><subfield code='r'>Hahrie C. Han.</subfield><subfield code='g'>Comments :</subfield><subfield code='t'>Polarization runs deep, even by yesterday&apos;s standards /</subfield><subfield code='r'>James E. Campbell,</subfield><subfield code='r'>Carl M. Cannon --</subfield><subfield code='t'>Polarized by God? : American politics and the religious divide /</subfield><subfield code='r'>E. J. Dionne Jr.</subfield><subfield code='g'>Comments :</subfield><subfield code='t'>Myths and realities of religion in politics /</subfield><subfield code='r'>Alan Wolfe,</subfield><subfield code='r'>Andrew Kohut --</subfield><subfield code='t'>How the mass media divide us /</subfield><subfield code='r'>Diana C. Mutz.</subfield><subfield code='g'>Comments :</subfield><subfield code='t'>Two alternative perspectives /</subfield><subfield code='r'>Thomas Rosentiel,</subfield><subfield code='r'>Greg Easterbrook --</subfield><subfield code='t'>Polarizing the House of Representatives : how much does gerrymandering matter? /</subfield><subfield code='r'>Thomas E. Mann.</subfield><subfield code='g'>Comments :</subfield><subfield code='t'>Why other sources of polarization matter more /</subfield><subfield code='r'>Gary C. Jacobson,</subfield><subfield code='r'>Thomas B. Edsall.</subfield></datafield><datafield ind1='1' ind2='0' tag='505'><subfield code='g'>v. 2.</subfield><subfield code='t'>Turned off or turned on? How polarization affects political engagement /</subfield><subfield code='r'>Marc J. Hetherington --</subfield><subfield code='t'>Spoiling the sausages? How a polarized Congress deliberates and legislates /</subfield><subfield code='r'>Barbara Sinclair --</subfield><subfield code='t'>Consequences for the courts : polarized politics and the judicial branch /</subfield><subfield code='r'>Sarah A. Binder --</subfield><subfield code='t'>When politics no longer stops at the water&apos;s edge : partisan polarization and foreign policy /</subfield><subfield code='r'>Peter Beinart --</subfield><subfield code='t'>Polarization and public policy : a general assessment /</subfield><subfield code='r'>David W. Brady, John Ferejohn, and Laurel Harbridge --</subfield><subfield code='t'>Toward depolarization  /</subfield><subfield code='r'>Pietro S. Nivola and William A. Galston.</subfield></datafield><datafield ind1=' ' ind2='0' tag='650'><subfield code='a'>Political parties</subfield><subfield code='z'>United States.</subfield></datafield><datafield ind1=' ' ind2='0' tag='650'><subfield code='a'>Party affiliation</subfield><subfield code='z'>United States.</subfield></datafield><datafield ind1=' ' ind2='0' tag='650'><subfield code='a'>Polarization (Social sciences)</subfield></datafield><datafield ind1=' ' ind2='0' tag='651'><subfield code='a'>United States</subfield><subfield code='x'>Politics and government.</subfield></datafield><datafield ind1='1' ind2=' ' tag='700'><subfield code='a'>Nivola, Pietro S.</subfield></datafield><datafield ind1='1' ind2=' ' tag='700'><subfield code='a'>Brady, David W.</subfield></datafield><datafield ind1='4' ind2='1' tag='856'><subfield code='z'>Access table of contents only</subfield><subfield code='u'>http://www.loc.gov/catdir/toc/ecip073/2006034595.html</subfield></datafield><datafield ind1=' ' ind2=' ' tag='902'><subfield code='a'>161218</subfield></datafield><datafield ind1=' ' ind2=' ' tag='907'><subfield code='a'>.b32926406</subfield><subfield code='b'>p    </subfield><subfield code='c'>-</subfield></datafield><datafield ind1=' ' ind2=' ' tag='945'><subfield code='l'>pstk </subfield><subfield code='u'>v.v.1</subfield><subfield code='g'>1</subfield></datafield><datafield ind1=' ' ind2=' ' tag='945'><subfield code='l'>pstk </subfield><subfield code='u'>v.v.2</subfield><subfield code='g'>1</subfield></datafield><datafield ind1=' ' ind2=' ' tag='979'><subfield code='a'>ocm74029299</subfield></datafield><datafield ind1=' ' ind2=' ' tag='998'><subfield code='b'>0</subfield><subfield code='c'>070919</subfield><subfield code='d'>m</subfield><subfield code='e'>a</subfield><subfield code='f'>-</subfield><subfield code='g'>0</subfield></datafield><datafield ind1=' ' ind2=' ' tag='998'><subfield code='a'>09/19/07</subfield><subfield code='s'>LC</subfield><subfield code='c'>MH</subfield></datafield><datafield ind1=' ' ind2=' ' tag='ADM'><subfield code='b'>2017-08-26 03:33:01</subfield><subfield code='e'>b32926406-01tuli_inst</subfield><subfield code='d'>ILS</subfield><subfield code='a'>2017-06-20 07:18:41</subfield><subfield code='c'>false</subfield></datafield><datafield ind1='0' ind2=' ' tag='HLD'><subfield code='b'>MAIN</subfield><subfield code='c'>stacks</subfield><subfield code='h'>JK2261</subfield><subfield code='i'>.R28 2006</subfield><subfield code='8'>22264410230003811</subfield></datafield><datafield ind1=' ' ind2=' ' tag='ITM'><subfield code='r'>22264410230003811</subfield><subfield code='b'>1</subfield><subfield code='h'>0</subfield><subfield code='g'>stacks</subfield><subfield code='t'>BOOK</subfield><subfield code='9'>39074023694623</subfield><subfield code='e'>stacks</subfield><subfield code='8'>23264410190003811</subfield><subfield code='c'>v.2</subfield><subfield code='a'>0</subfield><subfield code='q'>2017-06-20 07:18:41</subfield><subfield code='i'>JK2261 .R28 2006</subfield><subfield code='d'>MAIN</subfield><subfield code='f'>MAIN</subfield></datafield><datafield ind1=' ' ind2=' ' tag='ITM'><subfield code='r'>22264410230003811</subfield><subfield code='b'>1</subfield><subfield code='h'>0</subfield><subfield code='g'>stacks</subfield><subfield code='t'>BOOK</subfield><subfield code='9'>39074022960033</subfield><subfield code='e'>stacks</subfield><subfield code='8'>23264410200003811</subfield><subfield code='c'>v.1</subfield><subfield code='a'>0</subfield><subfield code='q'>2017-06-20 07:18:41</subfield><subfield code='i'>JK2261 .R28 2006</subfield><subfield code='d'>MAIN</subfield><subfield code='f'>MAIN</subfield></datafield></record>