
<record xmlns='http://www.loc.gov/MARC21/slim'><leader>01219pam a2200373 a 4500</leader><controlfield tag='005'>20170825234422.0</controlfield><controlfield tag='008'>960607s1996    nyu      b    001 0 eng  </controlfield><controlfield tag='001'>991035697929703811</controlfield><datafield ind1=' ' ind2=' ' tag='010'><subfield code='a'>96024939</subfield></datafield><datafield ind1=' ' ind2=' ' tag='020'><subfield code='a'>0684811235</subfield></datafield><datafield ind1=' ' ind2=' ' tag='035'><subfield code='a'>(PPT)b17422012-01tuli_inst</subfield></datafield><datafield ind1=' ' ind2=' ' tag='035'><subfield code='a'>(DLC    )ocn477314696</subfield><subfield code='9'>ExL</subfield></datafield><datafield ind1=' ' ind2=' ' tag='035'><subfield code='a'>DLC   96024939</subfield></datafield><datafield ind1=' ' ind2=' ' tag='035'><subfield code='a'>ocm34951237</subfield></datafield><datafield ind1=' ' ind2=' ' tag='035'><subfield code='a'>(OCLC)ocm34951237</subfield></datafield><datafield ind1=' ' ind2=' ' tag='040'><subfield code='a'>DLC</subfield><subfield code='c'>DLC</subfield><subfield code='d'>OrLoB</subfield><subfield code='d'>OrLoB</subfield></datafield><datafield ind1=' ' ind2=' ' tag='043'><subfield code='a'>n-us---</subfield></datafield><datafield ind1=' ' ind2=' ' tag='079'><subfield code='a'>ocm34951237</subfield></datafield><datafield ind1=' ' ind2=' ' tag='090'><subfield code='a'>E876.D36 1996</subfield></datafield><datafield ind1='1' ind2=' ' tag='100'><subfield code='a'>Darman, Richard Gordon,</subfield><subfield code='d'>1943-</subfield></datafield><datafield ind1='1' ind2='0' tag='245'><subfield code='a'>Who&apos;s in control? :</subfield><subfield code='b'>polar politics and the sensible center /</subfield><subfield code='c'>Richard Darman.</subfield></datafield><datafield ind1=' ' ind2=' ' tag='260'><subfield code='a'>New York :</subfield><subfield code='b'>Simon &amp; Schuster,</subfield><subfield code='c'>c1996.</subfield></datafield><datafield ind1=' ' ind2=' ' tag='300'><subfield code='a'>384 p. ;</subfield><subfield code='c'>25 cm.</subfield></datafield><datafield ind1=' ' ind2=' ' tag='504'><subfield code='a'>Includes bibliographical references (p. 351-364) and index.</subfield></datafield><datafield ind1=' ' ind2='0' tag='650'><subfield code='a'>Right and left (Political science)</subfield></datafield><datafield ind1=' ' ind2='0' tag='651'><subfield code='a'>United States</subfield><subfield code='x'>Politics and government</subfield><subfield code='y'>1981-1989.</subfield></datafield><datafield ind1=' ' ind2='0' tag='651'><subfield code='a'>United States</subfield><subfield code='x'>Politics and government</subfield><subfield code='y'>1989-1993.</subfield></datafield><datafield ind1=' ' ind2='0' tag='651'><subfield code='a'>United States</subfield><subfield code='x'>Politics and government</subfield><subfield code='y'>1993-</subfield></datafield><datafield ind1=' ' ind2=' ' tag='902'><subfield code='a'>100104</subfield></datafield><datafield ind1=' ' ind2=' ' tag='907'><subfield code='a'>.b17422012</subfield><subfield code='b'>p    </subfield><subfield code='c'>-</subfield></datafield><datafield ind1=' ' ind2=' ' tag='935'><subfield code='a'>00808021</subfield></datafield><datafield ind1=' ' ind2=' ' tag='945'><subfield code='l'>pstk </subfield><subfield code='g'>1</subfield></datafield><datafield ind1=' ' ind2=' ' tag='979'><subfield code='a'>ocm34951237</subfield></datafield><datafield ind1=' ' ind2=' ' tag='998'><subfield code='b'>1</subfield><subfield code='c'>990101</subfield><subfield code='d'>m</subfield><subfield code='e'>a</subfield><subfield code='f'>-</subfield><subfield code='g'>0</subfield></datafield><datafield ind1=' ' ind2=' ' tag='ADM'><subfield code='b'>2017-08-26 03:44:22</subfield><subfield code='e'>b17422012-01tuli_inst</subfield><subfield code='d'>ILS</subfield><subfield code='a'>2017-06-20 08:49:30</subfield><subfield code='c'>false</subfield></datafield><datafield ind1='0' ind2=' ' tag='HLD'><subfield code='b'>MAIN</subfield><subfield code='c'>stacks</subfield><subfield code='h'>E876.D36 1996</subfield><subfield code='8'>22287103670003811</subfield></datafield><datafield ind1=' ' ind2=' ' tag='ITM'><subfield code='r'>22287103670003811</subfield><subfield code='b'>1</subfield><subfield code='h'>0</subfield><subfield code='g'>stacks</subfield><subfield code='t'>BOOK</subfield><subfield code='9'>39074010978690</subfield><subfield code='e'>stacks</subfield><subfield code='8'>23287103660003811</subfield><subfield code='a'>0</subfield><subfield code='q'>2017-06-20 08:49:30</subfield><subfield code='i'>E876.D36 1996</subfield><subfield code='d'>MAIN</subfield><subfield code='f'>MAIN</subfield></datafield></record>