
<record xmlns='http://www.loc.gov/MARC21/slim'><leader>01400pam a2200421 a 4500</leader><controlfield tag='005'>20180322145108.0</controlfield><controlfield tag='008'>090831s2010    coua     b    001 0 eng  </controlfield><controlfield tag='001'>991000975269703811</controlfield><datafield ind1=' ' ind2=' ' tag='010'><subfield code='a'>2009036149</subfield></datafield><datafield ind1=' ' ind2=' ' tag='020'><subfield code='a'>9781594516672 (hardcover : alk. paper)</subfield></datafield><datafield ind1=' ' ind2=' ' tag='020'><subfield code='a'>1594516677 (hardcover : alk. paper)</subfield></datafield><datafield ind1=' ' ind2=' ' tag='035'><subfield code='a'>(PPT)b42023865-01tuli_inst</subfield></datafield><datafield ind1=' ' ind2=' ' tag='035'><subfield code='a'>(OCoLC)ocn668314037</subfield><subfield code='9'>ExL</subfield></datafield><datafield ind1=' ' ind2=' ' tag='035'><subfield code='a'>(OCoLC)320191831</subfield></datafield><datafield ind1=' ' ind2=' ' tag='035'><subfield code='a'>ocn320191831</subfield></datafield><datafield ind1=' ' ind2=' ' tag='035'><subfield code='a'>(OCLC)ocn320191831</subfield></datafield><datafield ind1=' ' ind2=' ' tag='040'><subfield code='a'>DLC</subfield><subfield code='c'>DLC</subfield><subfield code='d'>BTCTA</subfield><subfield code='d'>YDXCP</subfield><subfield code='d'>C#P</subfield></datafield><datafield ind1=' ' ind2=' ' tag='043'><subfield code='a'>n-us---</subfield></datafield><datafield ind1=' ' ind2=' ' tag='079'><subfield code='a'>ocn320191831</subfield></datafield><datafield ind1=' ' ind2=' ' tag='090'><subfield code='a'>JK2265</subfield><subfield code='b'>.B38 2010</subfield></datafield><datafield ind1='1' ind2=' ' tag='100'><subfield code='a'>Baumer, Donald C.,</subfield><subfield code='d'>1950-</subfield></datafield><datafield ind1='1' ind2='0' tag='245'><subfield code='a'>Parties, polarization, and democracy in the United States /</subfield><subfield code='c'>Donald C. Baumer, Howard J. Gold.</subfield></datafield><datafield ind1=' ' ind2=' ' tag='260'><subfield code='a'>Boulder :</subfield><subfield code='b'>Paradigm Publishers,</subfield><subfield code='c'>c2010.</subfield></datafield><datafield ind1=' ' ind2=' ' tag='300'><subfield code='a'>xi, 243 p. :</subfield><subfield code='b'>ill. ;</subfield><subfield code='c'>24 cm.</subfield></datafield><datafield ind1=' ' ind2=' ' tag='504'><subfield code='a'>Includes bibliographical references and index.</subfield></datafield><datafield ind1=' ' ind2='0' tag='650'><subfield code='a'>Political parties</subfield><subfield code='z'>United States.</subfield></datafield><datafield ind1=' ' ind2='0' tag='650'><subfield code='a'>Elections</subfield><subfield code='z'>United States.</subfield></datafield><datafield ind1=' ' ind2='0' tag='650'><subfield code='a'>Polarization (Social sciences)</subfield><subfield code='z'>United States.</subfield></datafield><datafield ind1=' ' ind2='0' tag='651'><subfield code='a'>United States</subfield><subfield code='x'>Politics and government</subfield><subfield code='y'>1989-</subfield></datafield><datafield ind1='1' ind2=' ' tag='700'><subfield code='a'>Gold, Howard J.,</subfield><subfield code='d'>1958-</subfield></datafield><datafield ind1=' ' ind2=' ' tag='901'><subfield code='a'>BNA</subfield></datafield><datafield ind1=' ' ind2=' ' tag='901'><subfield code='a'>R0825888</subfield></datafield><datafield ind1=' ' ind2=' ' tag='902'><subfield code='a'>100203AB0701</subfield></datafield><datafield ind1=' ' ind2=' ' tag='907'><subfield code='a'>.b42023865</subfield><subfield code='b'>p    </subfield><subfield code='c'>-</subfield></datafield><datafield ind1=' ' ind2=' ' tag='945'><subfield code='l'>pstk </subfield><subfield code='g'>1</subfield></datafield><datafield ind1=' ' ind2=' ' tag='979'><subfield code='a'>ocn320191831</subfield></datafield><datafield ind1=' ' ind2=' ' tag='998'><subfield code='b'>1</subfield><subfield code='c'>100215</subfield><subfield code='d'>m</subfield><subfield code='e'>a</subfield><subfield code='f'>-</subfield><subfield code='g'>0</subfield></datafield><datafield ind1=' ' ind2=' ' tag='998'><subfield code='b'>1</subfield><subfield code='c'>100215</subfield><subfield code='d'>m</subfield><subfield code='e'>a</subfield><subfield code='f'>-</subfield><subfield code='g'>0</subfield></datafield><datafield ind1=' ' ind2=' ' tag='ADM'><subfield code='b'>2018-03-22 18:51:08</subfield><subfield code='e'>b42023865-01tuli_inst</subfield><subfield code='d'>ILS</subfield><subfield code='a'>2017-06-20 07:38:33</subfield><subfield code='c'>false</subfield></datafield><datafield ind1='0' ind2=' ' tag='HLD'><subfield code='b'>MAIN</subfield><subfield code='c'>stacks</subfield><subfield code='h'>JK2265</subfield><subfield code='i'>.B38 2010</subfield><subfield code='8'>22269899900003811</subfield></datafield><datafield ind1=' ' ind2=' ' tag='ITM'><subfield code='r'>22269899900003811</subfield><subfield code='b'>1</subfield><subfield code='h'>0</subfield><subfield code='g'>stacks</subfield><subfield code='t'>BOOK</subfield><subfield code='9'>39074025625294</subfield><subfield code='e'>stacks</subfield><subfield code='8'>23269899890003811</subfield><subfield code='a'>0</subfield><subfield code='q'>2017-06-20 07:38:33</subfield><subfield code='i'>JK2265 .B38 2010</subfield><subfield code='d'>MAIN</subfield><subfield code='f'>MAIN</subfield></datafield></record>