
<record xmlns='http://www.loc.gov/MARC21/slim'><leader>06346cam a2200577 i 4500</leader><controlfield tag='005'>20180315182517.0</controlfield><controlfield tag='008'>150630s2015    enk      b    001 0 eng  </controlfield><controlfield tag='001'>991012433239703811</controlfield><datafield ind1=' ' ind2=' ' tag='010'><subfield code='a'>2015015573</subfield></datafield><datafield ind1=' ' ind2=' ' tag='020'><subfield code='a'>9781137415073 (hardback)</subfield></datafield><datafield ind1=' ' ind2=' ' tag='020'><subfield code='a'>113741507X (hardback)</subfield></datafield><datafield ind1=' ' ind2=' ' tag='035'><subfield code='a'>(PPT)b5849375x-01tuli_inst</subfield></datafield><datafield ind1=' ' ind2=' ' tag='035'><subfield code='a'>(OCoLC)ocn930259652</subfield><subfield code='9'>ExL</subfield></datafield><datafield ind1=' ' ind2=' ' tag='035'><subfield code='a'>(OCoLC)909321181</subfield><subfield code='z'>(OCoLC)921133403</subfield></datafield><datafield ind1=' ' ind2=' ' tag='035'><subfield code='a'>ocn909321181</subfield></datafield><datafield ind1=' ' ind2=' ' tag='035'><subfield code='a'>(OCLC)ocn909321181</subfield></datafield><datafield ind1=' ' ind2=' ' tag='040'><subfield code='a'>DLC</subfield><subfield code='e'>rda</subfield><subfield code='b'>eng</subfield><subfield code='c'>DLC</subfield><subfield code='d'>YDX</subfield><subfield code='d'>BTCTA</subfield><subfield code='d'>BDX</subfield><subfield code='d'>YDXCP</subfield><subfield code='d'>OCLCF</subfield><subfield code='d'>OCLCO</subfield><subfield code='d'>CDX</subfield></datafield><datafield ind1=' ' ind2=' ' tag='042'><subfield code='a'>pcc</subfield></datafield><datafield ind1=' ' ind2=' ' tag='043'><subfield code='a'>ec-----</subfield><subfield code='a'>ee-----</subfield></datafield><datafield ind1=' ' ind2=' ' tag='079'><subfield code='a'>ocn909321181</subfield></datafield><datafield ind1=' ' ind2=' ' tag='090'><subfield code='a'>HN380.7.Z9</subfield><subfield code='b'>P575 2015</subfield></datafield><datafield ind1='0' ind2='0' tag='245'><subfield code='a'>Understanding geographies of polarization and peripheralization :</subfield><subfield code='b'>perspectives from Central and Eastern Europe and beyond /</subfield><subfield code='c'>edited by Thilo Lang, Leibniz Institute for Regional Geography, Germany ; Sebastian Henn, University of Jena, Germany ; Wladimir Sgibnev, Leibniz Institute for Regional Geography, Germany ; Kornelia Ehrlich, Leibniz Institute for Regional Geography, Germany.</subfield></datafield><datafield ind1=' ' ind2='1' tag='264'><subfield code='a'>Houndmills, Basingstoke, Hampshire ;</subfield><subfield code='a'>New York, NY :</subfield><subfield code='b'>Palgrave Macmillan,</subfield><subfield code='c'>2015.</subfield></datafield><datafield ind1=' ' ind2=' ' tag='300'><subfield code='a'>xvi, 352 pages ;</subfield><subfield code='c'>23 cm.</subfield></datafield><datafield ind1=' ' ind2=' ' tag='336'><subfield code='a'>text</subfield><subfield code='b'>txt</subfield><subfield code='2'>rdacontent</subfield></datafield><datafield ind1=' ' ind2=' ' tag='337'><subfield code='a'>unmediated</subfield><subfield code='b'>n</subfield><subfield code='2'>rdamedia</subfield></datafield><datafield ind1=' ' ind2=' ' tag='338'><subfield code='a'>volume</subfield><subfield code='b'>nc</subfield><subfield code='2'>rdacarrier</subfield></datafield><datafield ind1='0' ind2=' ' tag='490'><subfield code='a'>New geographies of Europe</subfield></datafield><datafield ind1=' ' ind2=' ' tag='504'><subfield code='a'>Includes bibliographical references and index.</subfield></datafield><datafield ind1='8' ind2=' ' tag='505'><subfield code='a'>Machine generated contents note: -- 1. Understanding New Geographies Of Central And Eastern Europe; Poscopp: Research Group Production Of Space In The Context Of Polarisation And Peripheralisation -- PART I. THEORETICAL BACKGROUNDS, METHODOLOGICAL CONSIDERATIONS -- 2. Uneven Development, Socio-Spatial Polarization And Political Responses / Ray Hudson -- 3. Narrating The Diverse Regional Economies Of Post-Socialist Apparel / John Pickles And Adrian Smith -- 4. Lost In Complexity? Researching The Role Of Socio-Spatial Ascriptions In The Process Of Peripheralization / Judith Miggelbrink And Frank Meyer -- 5. As Long As The Capital Is Far Away: Multi-Scalar Peripheralization In Central Asia / Wladimir Sgibnev And Aksana Ismailbekova -- 6. Peripheralization Through Planning: The Case Of A Golf Resort Proposal In Northern Ireland / Helen Carter -- PART II.ROLE OF DIVERSE SOCIO-POLITICAL AGENTS IN THE PRODUCTION OF PERIPHERIES -- 7. Rural Peripheralization -- Urban Polarization? The Significance Of Gendered Mobility In Central Germany / Tim Leibert, Giulia Montanari And Karin Wiest -- 8. The Everyday Practices Of The Reproduction Of Peripherality And Marginality In Hungary / Erika Nagy, Judit Timár, Gábor Nagy And Gábor Velkey -- 9. Socio-Spatial Polarization And Peripheralization In A Rapidly Changing Region: Building Europe&apos;s Balkan Edge: Tourism Development In Coastal Bulgaria / Max Holleran -- 10. Paths Of Sociospatial Change In Post-Socialist Cities: Insights From Five City Regions In Central And Eastern Europe / Carola Neugebauer And Zoltan Kovacs -- PART III. FRAGMENTED AND RELATIONAL CONSTRUCTION OF PERIPHERALITIES -- 11. Cohesion As A Multi-Scalar Challenge: The EU-Wide Perspective / Tobias Chilla And Markus Neufeld -- 12. Paths Of Convergence And Polarization In The Visegrad Countries / Jozsef Benedek, Gyorgy Kocziszky -- 13. Measuring Territorial Cohesion: A Macro Regional Approach / Tomas Hanell -- 14. Challenges Of The Post-Soviet Development Of Ukraine: Economic Transformations, Demographic Changes And Socio-Spatial Polarization / Kostyantyn Mezentsev, Grygorii Pidgrushnyi, Nataliia Mezentseva -- 15. Uneven Urban Resilience: The Economic Adjustment And Polarization Of Russia&apos;s Cities / Oleg Golubchikov, Anna Badyina, Isolde Brade And Alla Makhrova -- PART IV. DIFFERENT MODALITIES AND RELATIONS BETWEEN CORES AND PERIPHERIES -- 16. Territorial Governance And Core-Periphery-Relations: The Implications Of European Policy Concepts To Central And Eastern Europe / Garri Raagmaa -- 17. Concept Of Soft Polycentric Governance For Fuzzy Soft Spaces As A Challenge For Central European Peripheral Spaces / Maro Finka, Tatiana Kluvankova-Oravska And Vladimir Ondrejicka -- 18. Rural Regions, Globalization And Regional Responses: The Case Of Oberlausitz Region / Joachim Burdack, Robert Nadler and Michael Woods.</subfield></datafield><datafield ind1=' ' ind2=' ' tag='520'><subfield code='a'>&quot;Spatial disparities in Central and Eastern Europe have been intensifying for more than two decades, yet little is known about the socio-spatial developments leading to these geographical changes. By putting the concepts of polarization and peripheralization at its centre, this book presents a multifaceted perspective on regional development and the ways we register, survey and conceptualize spatial phenomena, such as the emergence, persistence and transformation of spatial disparities and socio-spatial inequalities. Understanding Geographies of Polarization and Peripheralization discusses both theoretical and empirical approaches, presenting several compelling case studies from Central and Eastern Europe and beyond. This book provides relevant insights for readers from all parts of the world and is of particular interest for researchers and practitioners, as well as graduate and postdoctoral students, in the fields of Regional Development, Geography, Spatial Planning, European and Area Studies&quot;--</subfield><subfield code='c'>Provided by publisher.</subfield></datafield><datafield ind1=' ' ind2='0' tag='650'><subfield code='a'>Polarization (Social sciences)</subfield><subfield code='z'>Europe, Central.</subfield></datafield><datafield ind1=' ' ind2='0' tag='650'><subfield code='a'>Polarization (Social sciences)</subfield><subfield code='z'>Europe, Eastern.</subfield></datafield><datafield ind1=' ' ind2='0' tag='650'><subfield code='a'>Population geography</subfield><subfield code='z'>Europe, Central.</subfield></datafield><datafield ind1=' ' ind2='0' tag='650'><subfield code='a'>Population geography</subfield><subfield code='z'>Europe, Eastern.</subfield></datafield><datafield ind1=' ' ind2='0' tag='650'><subfield code='a'>Regional disparities</subfield><subfield code='z'>Europe, Central.</subfield></datafield><datafield ind1=' ' ind2='0' tag='650'><subfield code='a'>Regional disparities</subfield><subfield code='z'>Europe, Eastern.</subfield></datafield><datafield ind1=' ' ind2='7' tag='650'><subfield code='a'>Polarization (Social sciences)</subfield><subfield code='2'>fast</subfield><subfield code='0'>(OCoLC)fst01068309</subfield></datafield><datafield ind1=' ' ind2='7' tag='650'><subfield code='a'>Population geography.</subfield><subfield code='2'>fast</subfield><subfield code='0'>(OCoLC)fst01071591</subfield></datafield><datafield ind1=' ' ind2='7' tag='650'><subfield code='a'>Regional disparities.</subfield><subfield code='2'>fast</subfield><subfield code='0'>(OCoLC)fst01093080</subfield></datafield><datafield ind1=' ' ind2='7' tag='651'><subfield code='a'>Europe, Central.</subfield><subfield code='2'>fast</subfield><subfield code='0'>(OCoLC)fst01244544</subfield></datafield><datafield ind1=' ' ind2='7' tag='651'><subfield code='a'>Europe, Eastern.</subfield><subfield code='2'>fast</subfield><subfield code='0'>(OCoLC)fst01245079</subfield></datafield><datafield ind1='1' ind2=' ' tag='700'><subfield code='a'>Lang, Thilo,</subfield><subfield code='e'>editor.</subfield></datafield><datafield ind1='1' ind2=' ' tag='700'><subfield code='a'>Henn, Sebastian,</subfield><subfield code='d'>1977-</subfield><subfield code='e'>editor.</subfield></datafield><datafield ind1='1' ind2=' ' tag='700'><subfield code='a'>Sgibnev, Wladimir,</subfield><subfield code='d'>1983-</subfield><subfield code='e'>editor.</subfield></datafield><datafield ind1='1' ind2=' ' tag='700'><subfield code='a'>Ehrlich, Kornelia,</subfield><subfield code='e'>editor.</subfield></datafield><datafield ind1=' ' ind2=' ' tag='907'><subfield code='a'>.b5849375x</subfield><subfield code='b'>p    </subfield><subfield code='c'>-</subfield></datafield><datafield ind1=' ' ind2=' ' tag='945'><subfield code='l'>pstk </subfield><subfield code='g'>1</subfield></datafield><datafield ind1=' ' ind2=' ' tag='979'><subfield code='a'>ocn909321181</subfield></datafield><datafield ind1=' ' ind2=' ' tag='998'><subfield code='b'>1</subfield><subfield code='c'>151106</subfield><subfield code='d'>m</subfield><subfield code='e'>a</subfield><subfield code='f'>-</subfield><subfield code='g'>0</subfield></datafield><datafield ind1=' ' ind2=' ' tag='998'><subfield code='b'>1</subfield><subfield code='c'>151106</subfield><subfield code='d'>m</subfield><subfield code='e'>a</subfield><subfield code='f'>-</subfield><subfield code='g'>0</subfield></datafield><datafield ind1=' ' ind2=' ' tag='ADM'><subfield code='b'>2018-03-15 22:25:17</subfield><subfield code='e'>b5849375x-01tuli_inst</subfield><subfield code='d'>ILS</subfield><subfield code='a'>2017-06-20 07:29:47</subfield><subfield code='c'>false</subfield></datafield><datafield ind1='0' ind2=' ' tag='HLD'><subfield code='b'>MAIN</subfield><subfield code='c'>stacks</subfield><subfield code='h'>HN380.7.Z9</subfield><subfield code='i'>P575 2015</subfield><subfield code='8'>22267471810003811</subfield></datafield><datafield ind1=' ' ind2=' ' tag='ITM'><subfield code='r'>22267471810003811</subfield><subfield code='b'>1</subfield><subfield code='h'>0</subfield><subfield code='g'>stacks</subfield><subfield code='t'>BOOK</subfield><subfield code='9'>39074028830305</subfield><subfield code='e'>stacks</subfield><subfield code='8'>23267471800003811</subfield><subfield code='a'>0</subfield><subfield code='q'>2017-06-20 07:29:47</subfield><subfield code='i'>HN380.7.Z9 P575 2015</subfield><subfield code='d'>MAIN</subfield><subfield code='f'>MAIN</subfield></datafield></record>