
<record xmlns='http://www.loc.gov/MARC21/slim'><leader>01614cam a2200457 a 4500</leader><controlfield tag='005'>20170825194718.0</controlfield><controlfield tag='008'>060807s2007    nyua     b    001 0 eng  </controlfield><controlfield tag='001'>991024713489703811</controlfield><datafield ind1=' ' ind2=' ' tag='010'><subfield code='a'>2006025608</subfield></datafield><datafield ind1=' ' ind2=' ' tag='020'><subfield code='a'>9780521858724 (hardback)</subfield></datafield><datafield ind1=' ' ind2=' ' tag='020'><subfield code='a'>0521858720 (hardback)</subfield></datafield><datafield ind1=' ' ind2=' ' tag='020'><subfield code='a'>9780521675338 (pbk.)</subfield></datafield><datafield ind1=' ' ind2=' ' tag='020'><subfield code='a'>0521675332 (pbk.)</subfield></datafield><datafield ind1=' ' ind2=' ' tag='035'><subfield code='a'>(PPT)b32830646-01tuli_inst</subfield></datafield><datafield ind1=' ' ind2=' ' tag='035'><subfield code='a'>(DLC)ocn492160865</subfield><subfield code='9'>ExL</subfield></datafield><datafield ind1=' ' ind2=' ' tag='035'><subfield code='a'>(OCoLC)ocm71173667</subfield></datafield><datafield ind1=' ' ind2=' ' tag='035'><subfield code='a'>DLC  2006025608</subfield></datafield><datafield ind1=' ' ind2=' ' tag='035'><subfield code='a'>ocm71173667</subfield></datafield><datafield ind1=' ' ind2=' ' tag='035'><subfield code='a'>(OCLC)ocm71173667</subfield></datafield><datafield ind1=' ' ind2=' ' tag='040'><subfield code='a'>DLC</subfield><subfield code='c'>DLC</subfield><subfield code='d'>YDX</subfield><subfield code='d'>BAKER</subfield><subfield code='d'>BTCTA</subfield><subfield code='d'>YDXCP</subfield><subfield code='d'>DLC</subfield></datafield><datafield ind1=' ' ind2=' ' tag='079'><subfield code='a'>ocm71173667</subfield></datafield><datafield ind1=' ' ind2=' ' tag='090'><subfield code='a'>P95.8</subfield><subfield code='b'>.P756 2007</subfield></datafield><datafield ind1='1' ind2=' ' tag='100'><subfield code='a'>Prior, Markus,</subfield><subfield code='d'>1974-</subfield></datafield><datafield ind1='1' ind2='0' tag='245'><subfield code='a'>Post-broadcast democracy :</subfield><subfield code='b'>how media choice increases inequality in political involvement and polarizes elections /</subfield><subfield code='c'>Markus Prior.</subfield></datafield><datafield ind1=' ' ind2=' ' tag='260'><subfield code='a'>New York :</subfield><subfield code='b'>Cambridge University Press,</subfield><subfield code='c'>2007.</subfield></datafield><datafield ind1=' ' ind2=' ' tag='300'><subfield code='a'>xvii, 315 p. :</subfield><subfield code='b'>ill. ;</subfield><subfield code='c'>24 cm.</subfield></datafield><datafield ind1=' ' ind2='0' tag='440'><subfield code='a'>Cambridge studies in public opinion and political psychology.</subfield></datafield><datafield ind1=' ' ind2=' ' tag='504'><subfield code='a'>Includes bibliographical references (p. 289-308) and index.</subfield></datafield><datafield ind1=' ' ind2='0' tag='650'><subfield code='a'>Mass media</subfield><subfield code='x'>Political aspects.</subfield></datafield><datafield ind1=' ' ind2='0' tag='650'><subfield code='a'>Mass media</subfield><subfield code='x'>Influence.</subfield></datafield><datafield ind1='4' ind2='1' tag='856'><subfield code='z'>Access table of contents</subfield><subfield code='u'>http://www.loc.gov/catdir/toc/ecip0619/2006025608.html</subfield></datafield><datafield ind1=' ' ind2=' ' tag='901'><subfield code='a'>BNA</subfield></datafield><datafield ind1=' ' ind2=' ' tag='901'><subfield code='a'>R8655459</subfield></datafield><datafield ind1=' ' ind2=' ' tag='902'><subfield code='a'>121129</subfield></datafield><datafield ind1=' ' ind2=' ' tag='902'><subfield code='a'>070801AB0701</subfield></datafield><datafield ind1='0' ind2='0' tag='905'><subfield code='a'>Cambridge studies in public opinion and political psychology</subfield></datafield><datafield ind1=' ' ind2=' ' tag='907'><subfield code='a'>.b32830646</subfield><subfield code='b'>p    </subfield><subfield code='c'>-</subfield></datafield><datafield ind1=' ' ind2=' ' tag='945'><subfield code='l'>pstk </subfield><subfield code='g'>1</subfield></datafield><datafield ind1=' ' ind2=' ' tag='979'><subfield code='a'>ocm71173667</subfield></datafield><datafield ind1=' ' ind2=' ' tag='998'><subfield code='b'>0</subfield><subfield code='c'>071115</subfield><subfield code='d'>m</subfield><subfield code='e'>a</subfield><subfield code='f'>-</subfield><subfield code='g'>0</subfield></datafield><datafield ind1=' ' ind2=' ' tag='998'><subfield code='a'>11/15/07</subfield><subfield code='s'>LC</subfield><subfield code='c'>DG </subfield></datafield><datafield ind1=' ' ind2=' ' tag='ADM'><subfield code='b'>2018-03-14 07:14:55</subfield><subfield code='e'>b32830646-01tuli_inst</subfield><subfield code='d'>ILS</subfield><subfield code='a'>2017-06-20 12:15:08</subfield><subfield code='c'>false</subfield></datafield><datafield ind1='0' ind2=' ' tag='HLD'><subfield code='b'>MAIN</subfield><subfield code='c'>stacks</subfield><subfield code='h'>P95.8</subfield><subfield code='i'>.P756 2007</subfield><subfield code='8'>22316849780003811</subfield></datafield><datafield ind1='0' ind2=' ' tag='HLD'><subfield code='b'>JAPAN</subfield><subfield code='c'>stacks</subfield><subfield code='h'>P95.8</subfield><subfield code='i'>.P756 2007</subfield><subfield code='8'>22404367140003811</subfield></datafield><datafield ind1=' ' ind2=' ' tag='ITM'><subfield code='r'>22316849780003811</subfield><subfield code='b'>1</subfield><subfield code='h'>0</subfield><subfield code='g'>stacks</subfield><subfield code='t'>BOOK</subfield><subfield code='9'>39074023456460</subfield><subfield code='e'>stacks</subfield><subfield code='8'>23316849770003811</subfield><subfield code='a'>0</subfield><subfield code='q'>2017-06-20 12:15:08</subfield><subfield code='i'>P95.8 .P756 2007</subfield><subfield code='d'>MAIN</subfield><subfield code='f'>MAIN</subfield></datafield><datafield ind1=' ' ind2=' ' tag='ITM'><subfield code='r'>22404367140003811</subfield><subfield code='b'>1</subfield><subfield code='h'>0</subfield><subfield code='g'>stacks</subfield><subfield code='t'>BOOK</subfield><subfield code='9'>31982070497476</subfield><subfield code='e'>stacks</subfield><subfield code='8'>23404367130003811</subfield><subfield code='a'>0</subfield><subfield code='q'>2017-12-21 05:25:22</subfield><subfield code='i'>P95.8 .P756 2007</subfield><subfield code='d'>JAPAN</subfield><subfield code='f'>JAPAN</subfield></datafield></record>