
<record xmlns='http://www.loc.gov/MARC21/slim'><leader>03696cam a2200613 i 4500</leader><controlfield tag='005'>20180205130358.0</controlfield><controlfield tag='008'>171010t20172017enkab    b    001 0 eng  </controlfield><controlfield tag='001'>991036849876103811</controlfield><datafield ind1=' ' ind2=' ' tag='010'><subfield code='a'>  2017034630</subfield></datafield><datafield ind1=' ' ind2=' ' tag='020'><subfield code='a'>9781107191617</subfield><subfield code='q'>hardcover</subfield></datafield><datafield ind1=' ' ind2=' ' tag='020'><subfield code='a'>1107191610</subfield><subfield code='q'>hardcover</subfield></datafield><datafield ind1=' ' ind2=' ' tag='020'><subfield code='a'>9781316642146</subfield><subfield code='q'>paperback</subfield></datafield><datafield ind1=' ' ind2=' ' tag='020'><subfield code='a'>1316642143</subfield><subfield code='q'>paperback</subfield></datafield><datafield ind1='8' ind2=' ' tag='024'><subfield code='a'>40027594365</subfield></datafield><datafield ind1=' ' ind2=' ' tag='035'><subfield code='a'>(OCoLC)1006517762</subfield></datafield><datafield ind1=' ' ind2=' ' tag='040'><subfield code='a'>DLC</subfield><subfield code='b'>eng</subfield><subfield code='e'>rda</subfield><subfield code='c'>DLC</subfield><subfield code='d'>IH9</subfield><subfield code='d'>YDX</subfield><subfield code='d'>OBE</subfield><subfield code='d'>OCLCF</subfield><subfield code='d'>OBE</subfield><subfield code='d'>YUS</subfield></datafield><datafield ind1=' ' ind2=' ' tag='042'><subfield code='a'>pcc</subfield></datafield><datafield ind1=' ' ind2=' ' tag='043'><subfield code='a'>n-us---</subfield></datafield><datafield ind1='0' ind2='0' tag='050'><subfield code='a'>JK1341</subfield><subfield code='b'>.H67 2017</subfield></datafield><datafield ind1='0' ind2='0' tag='082'><subfield code='a'>328.73/07345</subfield><subfield code='2'>23</subfield></datafield><datafield ind1=' ' ind2=' ' tag='084'><subfield code='a'>POL040000</subfield><subfield code='2'>bisacsh</subfield></datafield><datafield ind1='1' ind2=' ' tag='100'><subfield code='a'>Hopkins, David A.,</subfield><subfield code='e'>author.</subfield></datafield><datafield ind1='1' ind2='0' tag='245'><subfield code='a'>Red fighting blue :</subfield><subfield code='b'>how geography and electoral rules polarize American politics /</subfield><subfield code='c'>David A. Hopkins.</subfield></datafield><datafield ind1=' ' ind2='1' tag='264'><subfield code='a'>Cambridge, United Kingdom ;</subfield><subfield code='a'>New York, NY, USA :</subfield><subfield code='b'>Cambridge University Press,</subfield><subfield code='c'>2017.</subfield></datafield><datafield ind1=' ' ind2='4' tag='264'><subfield code='c'>©2017</subfield></datafield><datafield ind1=' ' ind2=' ' tag='300'><subfield code='a'>xii, 244 pages :</subfield><subfield code='b'>illustrations, maps ;</subfield><subfield code='c'>24 cm</subfield></datafield><datafield ind1=' ' ind2=' ' tag='336'><subfield code='a'>text</subfield><subfield code='b'>txt</subfield><subfield code='2'>rdacontent</subfield></datafield><datafield ind1=' ' ind2=' ' tag='337'><subfield code='a'>unmediated</subfield><subfield code='b'>n</subfield><subfield code='2'>rdamedia</subfield></datafield><datafield ind1=' ' ind2=' ' tag='338'><subfield code='a'>volume</subfield><subfield code='b'>nc</subfield><subfield code='2'>rdacarrier</subfield></datafield><datafield ind1=' ' ind2=' ' tag='504'><subfield code='a'>Includes bibliographical references and index.</subfield></datafield><datafield ind1='0' ind2=' ' tag='505'><subfield code='a'>A nation votes, Ohio decides -- Solid states : the regional bases of the American parties -- The geographic roots of party strength and cohesion -- Mapping the cultural battlefield : how social issues fuel the regional divide -- Regional polarization and partisan change in the U.S. Congress -- Rural red, big-city blue, and the pivotal purple Midwest -- A locked-up nation.</subfield></datafield><datafield ind1=' ' ind2=' ' tag='520'><subfield code='a'>&quot;The national electoral map has split into warring regional bastions of Republican red and Democratic blue, producing a deep and enduring partisan divide in American politics. In Red Fighting Blue, David A. Hopkins places the current partisan and electoral era in historical context, explains how the increased salience of social issues since the 1980s has redefined the parties&apos; geographic bases of support, and reveals the critical role that American political institutions play in intermediating between the behavior of citizens and the outcome of public policy-making. The widening geographic gap in voters&apos; partisan preferences, as magnified further by winner-take-all electoral rules, has rendered most of the nation safe territory for either Democratic or Republican candidates in both presidential and congressional elections - with significant consequences for party competition, candidate strategy, and the operation of government&quot;--</subfield><subfield code='c'>Provided by publisher.</subfield></datafield><datafield ind1='1' ind2='0' tag='610'><subfield code='a'>United States.</subfield><subfield code='b'>Congress</subfield><subfield code='x'>Election districts.</subfield></datafield><datafield ind1='1' ind2='7' tag='610'><subfield code='a'>United States.</subfield><subfield code='b'>Congress.</subfield><subfield code='2'>fast</subfield><subfield code='0'>(OCoLC)fst00529490</subfield></datafield><datafield ind1=' ' ind2='7' tag='648'><subfield code='a'>Since 1989</subfield><subfield code='2'>fast</subfield></datafield><datafield ind1=' ' ind2='0' tag='650'><subfield code='a'>Election districts</subfield><subfield code='z'>United States.</subfield></datafield><datafield ind1=' ' ind2='0' tag='650'><subfield code='a'>Electoral geography</subfield><subfield code='z'>United States.</subfield></datafield><datafield ind1=' ' ind2='0' tag='650'><subfield code='a'>Political geography.</subfield></datafield><datafield ind1=' ' ind2='0' tag='650'><subfield code='a'>Presidents</subfield><subfield code='z'>United States</subfield><subfield code='x'>Election.</subfield></datafield><datafield ind1=' ' ind2='0' tag='650'><subfield code='a'>Election law</subfield><subfield code='z'>United States.</subfield></datafield><datafield ind1=' ' ind2='7' tag='650'><subfield code='a'>Election districts.</subfield><subfield code='2'>fast</subfield><subfield code='0'>(OCoLC)fst00904291</subfield></datafield><datafield ind1=' ' ind2='7' tag='650'><subfield code='a'>Election law.</subfield><subfield code='2'>fast</subfield><subfield code='0'>(OCoLC)fst00904300</subfield></datafield><datafield ind1=' ' ind2='7' tag='650'><subfield code='a'>Electoral geography.</subfield><subfield code='2'>fast</subfield><subfield code='0'>(OCoLC)fst01747183</subfield></datafield><datafield ind1=' ' ind2='7' tag='650'><subfield code='a'>Political geography.</subfield><subfield code='2'>fast</subfield><subfield code='0'>(OCoLC)fst01069357</subfield></datafield><datafield ind1=' ' ind2='7' tag='650'><subfield code='a'>Politics and government.</subfield><subfield code='2'>fast</subfield><subfield code='0'>(OCoLC)fst01919741</subfield></datafield><datafield ind1=' ' ind2='7' tag='650'><subfield code='a'>Presidents</subfield><subfield code='x'>Election.</subfield><subfield code='2'>fast</subfield><subfield code='0'>(OCoLC)fst01075747</subfield></datafield><datafield ind1=' ' ind2='0' tag='651'><subfield code='a'>United States</subfield><subfield code='x'>Politics and government</subfield><subfield code='y'>1989-</subfield></datafield><datafield ind1=' ' ind2='7' tag='651'><subfield code='a'>United States.</subfield><subfield code='2'>fast</subfield><subfield code='0'>(OCoLC)fst01204155</subfield></datafield><datafield ind1=' ' ind2='1' tag='945'><subfield code='i'>39074026712976</subfield><subfield code='k'>MAIN</subfield><subfield code='l'>stacks</subfield><subfield code='a'>JK1341</subfield><subfield code='b'>.H67 2017</subfield><subfield code='z'>090</subfield></datafield><datafield ind1=' ' ind2=' ' tag='960'><subfield code='k'>MAIN</subfield><subfield code='l'>stacks</subfield></datafield><datafield ind1=' ' ind2=' ' tag='979'><subfield code='a'>(OCoLC)1006517762</subfield></datafield><datafield ind1=' ' ind2=' ' tag='980'><subfield code='a'>11-29-17</subfield><subfield code='b'>2499</subfield><subfield code='e'>2012</subfield><subfield code='f'>I20106569</subfield></datafield><datafield ind1=' ' ind2=' ' tag='981'><subfield code='a'>Coutt</subfield><subfield code='b'>ctssa</subfield><subfield code='d'>37911732</subfield><subfield code='e'>SLI</subfield><subfield code='k'>MAIN</subfield><subfield code='l'>stacks</subfield></datafield><datafield ind1=' ' ind2=' ' tag='997'><subfield code='a'>20171214</subfield><subfield code='d'>TEU</subfield><subfield code='c'>COUTTS SR</subfield><subfield code='e'>MARCIVE</subfield><subfield code='e'>WCAT</subfield></datafield><datafield ind1='0' ind2=' ' tag='HLD'><subfield code='b'>MAIN</subfield><subfield code='c'>stacks</subfield><subfield code='h'>JK1341</subfield><subfield code='i'>.H67 2017</subfield><subfield code='8'>22403930040003811</subfield></datafield><datafield ind1='0' ind2=' ' tag='HLD'><subfield code='b'>JAPAN</subfield><subfield code='c'>stacks</subfield><subfield code='h'>JK1341</subfield><subfield code='i'>.H67 2017</subfield><subfield code='8'>22414299140003811</subfield></datafield><datafield ind1=' ' ind2=' ' tag='ITM'><subfield code='b'>1</subfield><subfield code='h'>0</subfield><subfield code='g'>stacks</subfield><subfield code='9'>39074026712976</subfield><subfield code='e'>stacks</subfield><subfield code='l'>0</subfield><subfield code='8'>23403930030003811</subfield><subfield code='j'>0</subfield><subfield code='a'>0</subfield><subfield code='q'>2017-12-01 16:00:31</subfield><subfield code='i'>JK1341 .H67 2017</subfield><subfield code='d'>MAIN</subfield><subfield code='r'>2018-05-30 21:47:55</subfield><subfield code='f'>MAIN</subfield></datafield><datafield ind1=' ' ind2=' ' tag='ITM'><subfield code='b'>1</subfield><subfield code='h'>0</subfield><subfield code='g'>stacks</subfield><subfield code='9'>31982070499944</subfield><subfield code='e'>stacks</subfield><subfield code='8'>23414299130003811</subfield><subfield code='a'>0</subfield><subfield code='q'>2018-03-06 05:33:42</subfield><subfield code='i'>JK1341 .H67 2017</subfield><subfield code='d'>JAPAN</subfield><subfield code='r'>2018-03-06 05:34:27</subfield><subfield code='f'>JAPAN</subfield></datafield></record>