
<record xmlns='http://www.loc.gov/MARC21/slim'><leader>02232cam a2200469 i 4500</leader><controlfield tag='005'>20180205130255.0</controlfield><controlfield tag='008'>161202t20172017nyu      b    001 0 eng  </controlfield><controlfield tag='001'>991036830787603811</controlfield><datafield ind1=' ' ind2=' ' tag='010'><subfield code='a'>  2016037866</subfield></datafield><datafield ind1=' ' ind2=' ' tag='020'><subfield code='a'>9781138183421</subfield><subfield code='q'>hardcover ;</subfield><subfield code='q'>alkaline paper</subfield></datafield><datafield ind1=' ' ind2=' ' tag='020'><subfield code='a'>1138183423</subfield><subfield code='q'>hardcover ;</subfield><subfield code='q'>alkaline paper</subfield></datafield><datafield ind1=' ' ind2=' ' tag='020'><subfield code='a'>9781138183438</subfield><subfield code='q'>paperback ;</subfield><subfield code='q'>alkaline paper</subfield></datafield><datafield ind1=' ' ind2=' ' tag='020'><subfield code='a'>1138183431</subfield><subfield code='q'>paperback ;</subfield><subfield code='q'>alkaline paper</subfield></datafield><datafield ind1=' ' ind2=' ' tag='020'><subfield code='z'>9781315645865</subfield><subfield code='q'>electronic book</subfield></datafield><datafield ind1=' ' ind2=' ' tag='035'><subfield code='a'>(OCoLC)965445364</subfield></datafield><datafield ind1=' ' ind2=' ' tag='040'><subfield code='a'>DLC</subfield><subfield code='b'>eng</subfield><subfield code='e'>rda</subfield><subfield code='c'>DLC</subfield><subfield code='d'>OCLCO</subfield><subfield code='d'>BDX</subfield><subfield code='d'>OCLCF</subfield><subfield code='d'>OCLCQ</subfield><subfield code='d'>YDX</subfield><subfield code='d'>CHVBK</subfield></datafield><datafield ind1=' ' ind2=' ' tag='042'><subfield code='a'>pcc</subfield></datafield><datafield ind1=' ' ind2=' ' tag='043'><subfield code='a'>n-us---</subfield></datafield><datafield ind1='0' ind2='0' tag='050'><subfield code='a'>HD3616.U62</subfield><subfield code='b'>E37 2017</subfield></datafield><datafield ind1='0' ind2='0' tag='082'><subfield code='a'>338.973</subfield><subfield code='2'>23</subfield></datafield><datafield ind1='1' ind2=' ' tag='100'><subfield code='a'>Eisner, Marc Allen</subfield><subfield code='e'>author.</subfield></datafield><datafield ind1='1' ind2='0' tag='245'><subfield code='a'>Regulatory politics in an age of polarization and drift :</subfield><subfield code='b'>beyond deregulation /</subfield><subfield code='c'>Marc Allen Eisner.</subfield></datafield><datafield ind1=' ' ind2='1' tag='264'><subfield code='a'>New York, NY :</subfield><subfield code='b'>Routledge,</subfield><subfield code='c'>2017.</subfield></datafield><datafield ind1=' ' ind2='4' tag='264'><subfield code='c'>©2017</subfield></datafield><datafield ind1=' ' ind2=' ' tag='300'><subfield code='a'>xiii, 292 pages ;</subfield><subfield code='c'>24 cm</subfield></datafield><datafield ind1=' ' ind2=' ' tag='336'><subfield code='a'>text</subfield><subfield code='b'>txt</subfield><subfield code='2'>rdacontent</subfield></datafield><datafield ind1=' ' ind2=' ' tag='337'><subfield code='a'>unmediated</subfield><subfield code='b'>n</subfield><subfield code='2'>rdamedia</subfield></datafield><datafield ind1=' ' ind2=' ' tag='338'><subfield code='a'>volume</subfield><subfield code='b'>nc</subfield><subfield code='2'>rdacarrier</subfield></datafield><datafield ind1=' ' ind2=' ' tag='504'><subfield code='a'>Includes bibliographical references and index.</subfield></datafield><datafield ind1='0' ind2=' ' tag='505'><subfield code='a'>A tale of two crises -- Making sense of regulatory change -- Competing approaches to institutional design -- Costs, benefits, and battles over the regulatory state -- Polarization, gridlock, and regulatory drift -- Environmental protection and the persistence of partnerships -- Workplace safety and the return of the voluntary regulator -- Deepwater drift and the disaster in the gulf -- Regulating the wrong things and the financial crisis -- Beyond deregulation.</subfield></datafield><datafield ind1=' ' ind2='0' tag='650'><subfield code='a'>Industrial policy</subfield><subfield code='z'>United States</subfield><subfield code='x'>History.</subfield></datafield><datafield ind1=' ' ind2='0' tag='650'><subfield code='a'>Deregulation</subfield><subfield code='z'>United States</subfield><subfield code='x'>History.</subfield></datafield><datafield ind1=' ' ind2='7' tag='650'><subfield code='a'>Deregulation.</subfield><subfield code='2'>fast</subfield><subfield code='0'>(OCoLC)fst00891008</subfield></datafield><datafield ind1=' ' ind2='7' tag='650'><subfield code='a'>Industrial policy.</subfield><subfield code='2'>fast</subfield><subfield code='0'>(OCoLC)fst00971433</subfield></datafield><datafield ind1=' ' ind2='7' tag='651'><subfield code='a'>United States.</subfield><subfield code='2'>fast</subfield><subfield code='0'>(OCoLC)fst01204155</subfield></datafield><datafield ind1=' ' ind2='7' tag='655'><subfield code='a'>History.</subfield><subfield code='2'>fast</subfield><subfield code='0'>(OCoLC)fst01411628</subfield></datafield><datafield ind1=' ' ind2='1' tag='945'><subfield code='i'>39074030240527</subfield><subfield code='k'>MAIN</subfield><subfield code='l'>stacks</subfield><subfield code='a'>HD3616.U62</subfield><subfield code='b'>E37 2017</subfield><subfield code='z'>090</subfield></datafield><datafield ind1=' ' ind2=' ' tag='960'><subfield code='k'>MAIN</subfield><subfield code='l'>stacks</subfield></datafield><datafield ind1=' ' ind2=' ' tag='979'><subfield code='a'>(OCoLC)965445364</subfield></datafield><datafield ind1=' ' ind2=' ' tag='980'><subfield code='a'>08-23-17</subfield><subfield code='b'>5495</subfield><subfield code='e'>4423</subfield><subfield code='f'>I20104443</subfield></datafield><datafield ind1=' ' ind2=' ' tag='981'><subfield code='a'>Coutt</subfield><subfield code='b'>ctssa</subfield><subfield code='d'>35865643</subfield><subfield code='e'>SLI</subfield><subfield code='k'>MAIN</subfield><subfield code='l'>stacks</subfield></datafield><datafield ind1=' ' ind2=' ' tag='997'><subfield code='a'>20170823</subfield><subfield code='c'>COUTTS SR</subfield><subfield code='e'>MARCIVE</subfield><subfield code='e'>WCAT</subfield><subfield code='d'>TEU</subfield></datafield><datafield ind1=' ' ind2=' ' tag='ADM'><subfield code='b'>2018-02-05 18:02:55</subfield><subfield code='e'>ocn965445364</subfield><subfield code='d'>OCLC</subfield><subfield code='f'>20171120132440.0</subfield><subfield code='a'>2017-08-30 15:11:43</subfield><subfield code='c'>false</subfield></datafield><datafield ind1='0' ind2=' ' tag='HLD'><subfield code='b'>MAIN</subfield><subfield code='c'>stacks</subfield><subfield code='h'>HD3616.U62</subfield><subfield code='i'>E37 2017</subfield><subfield code='8'>22399683580003811</subfield></datafield><datafield ind1=' ' ind2=' ' tag='ITM'><subfield code='r'>22399683580003811</subfield><subfield code='b'>0</subfield><subfield code='u'>TRANSIT</subfield><subfield code='h'>0</subfield><subfield code='g'>stacks</subfield><subfield code='t'>BOOK</subfield><subfield code='9'>39074030240527</subfield><subfield code='e'>stacks</subfield><subfield code='l'>0</subfield><subfield code='8'>23399683560003811</subfield><subfield code='j'>0</subfield><subfield code='a'>0</subfield><subfield code='q'>2017-08-30 15:12:37</subfield><subfield code='i'>HD3616.U62 E37 2017</subfield><subfield code='d'>MAIN</subfield><subfield code='f'>MAIN</subfield></datafield></record>