
<record xmlns='http://www.loc.gov/MARC21/slim'><leader>02553cam a2200433 a 4500</leader><controlfield tag='005'>20180315122402.0</controlfield><controlfield tag='008'>110121s2011    nyua     b    001 0 eng  </controlfield><controlfield tag='001'>991021562089703811</controlfield><datafield ind1=' ' ind2=' ' tag='010'><subfield code='a'>2011002140</subfield></datafield><datafield ind1=' ' ind2=' ' tag='020'><subfield code='a'>9780871548559 (pbk. : alk. paper)</subfield></datafield><datafield ind1=' ' ind2=' ' tag='020'><subfield code='a'>0871548550 (pbk. : alk. paper)</subfield></datafield><datafield ind1=' ' ind2=' ' tag='020'><subfield code='a'>9781610447119 (ebook)</subfield></datafield><datafield ind1=' ' ind2=' ' tag='020'><subfield code='a'>1610447115 (ebook)</subfield></datafield><datafield ind1=' ' ind2=' ' tag='035'><subfield code='a'>(PPT)b49909046-01tuli_inst</subfield></datafield><datafield ind1=' ' ind2=' ' tag='035'><subfield code='a'>(OCoLC)ocn758804347</subfield><subfield code='9'>ExL</subfield></datafield><datafield ind1=' ' ind2=' ' tag='035'><subfield code='a'>(OCoLC)682894812</subfield></datafield><datafield ind1=' ' ind2=' ' tag='035'><subfield code='a'>ocn682894812</subfield></datafield><datafield ind1=' ' ind2=' ' tag='035'><subfield code='a'>(OCLC)ocn682894812</subfield></datafield><datafield ind1=' ' ind2=' ' tag='040'><subfield code='a'>DLC</subfield><subfield code='c'>DLC</subfield><subfield code='d'>YDX</subfield><subfield code='d'>BTCTA</subfield><subfield code='d'>YDXCP</subfield><subfield code='d'>BWX</subfield><subfield code='d'>VVC</subfield><subfield code='d'>CDX</subfield><subfield code='d'>UKMGB</subfield></datafield><datafield ind1=' ' ind2=' ' tag='043'><subfield code='a'>n-us---</subfield></datafield><datafield ind1=' ' ind2=' ' tag='049'><subfield code='a'>IG$A</subfield></datafield><datafield ind1=' ' ind2=' ' tag='079'><subfield code='a'>ocn682894812</subfield></datafield><datafield ind1=' ' ind2=' ' tag='090'><subfield code='a'>HC106.84</subfield><subfield code='b'>.R43 2011</subfield></datafield><datafield ind1='0' ind2='0' tag='245'><subfield code='a'>Reaching for a new deal :</subfield><subfield code='b'>ambitious governance, economic meltdown, and polarized politics in Obama&apos;s first two years /</subfield><subfield code='c'>Theda Skocpol and Lawrence R. Jacobs, editors.</subfield></datafield><datafield ind1=' ' ind2=' ' tag='260'><subfield code='a'>New York :</subfield><subfield code='b'>Russell Sage Foundation,</subfield><subfield code='c'>c2011.</subfield></datafield><datafield ind1=' ' ind2=' ' tag='300'><subfield code='a'>vii, 448 p. :</subfield><subfield code='b'>ill. ;</subfield><subfield code='c'>23 cm.</subfield></datafield><datafield ind1=' ' ind2=' ' tag='504'><subfield code='a'>Includes bibliographical references and index.</subfield></datafield><datafield ind1='0' ind2=' ' tag='505'><subfield code='a'>Reaching for a new deal: ambitious governance, economic meltdown, and polarized politics / Theda Skocpol, Lawrence R. Jacobs -- Hard-fought legacy: Obama, congressional democrats, and the struggle for comprehensive health care reform / Lawrence R. Jacobs, Theda Skocpol -- Eliminating the market middle-man: redirecting and expanding support for college students / Suzanne Mettler -- The contest of lobbies and disciplines: financial politics and regulatory reform / Daniel Carpenter -- The unsurprising failure of labor law reform and the turn to administrative action / Dorian T. Warren -- Surprising momentum: spurring education reform in states and localities / Lorraine M. McDonnell -- Obama&apos;s immigration reform: a tough sell for a grand bargain / John D. Skrentny -- Cold front: how the recession stalled Obama&apos;s clean-energy agenda / Judith A. Layzer -- Paying America&apos;s way: the fraught politics of taxes, investments, and budgetary responsibility / Andrea Louise Campbell.</subfield></datafield><datafield ind1=' ' ind2='0' tag='650'><subfield code='a'>Polarization (Social sciences)</subfield><subfield code='z'>United States</subfield><subfield code='x'>History</subfield><subfield code='y'>21st century.</subfield></datafield><datafield ind1=' ' ind2='0' tag='650'><subfield code='a'>Recessions</subfield><subfield code='z'>United States</subfield><subfield code='x'>History</subfield><subfield code='y'>21st century.</subfield></datafield><datafield ind1=' ' ind2='0' tag='651'><subfield code='a'>United States</subfield><subfield code='x'>Economic policy</subfield><subfield code='y'>2009-</subfield></datafield><datafield ind1=' ' ind2='0' tag='651'><subfield code='a'>United States</subfield><subfield code='x'>Politics and government</subfield><subfield code='y'>2009-2017</subfield></datafield><datafield ind1='1' ind2=' ' tag='700'><subfield code='a'>Skocpol, Theda.</subfield></datafield><datafield ind1='1' ind2=' ' tag='700'><subfield code='a'>Jacobs, Lawrence R.</subfield></datafield><datafield ind1=' ' ind2=' ' tag='907'><subfield code='a'>.b49909046</subfield><subfield code='b'>p    </subfield><subfield code='c'>-</subfield></datafield><datafield ind1=' ' ind2=' ' tag='945'><subfield code='l'>pstk </subfield><subfield code='g'>1</subfield></datafield><datafield ind1=' ' ind2=' ' tag='979'><subfield code='a'>ocn682894812</subfield></datafield><datafield ind1=' ' ind2=' ' tag='998'><subfield code='b'>1</subfield><subfield code='c'>111013</subfield><subfield code='d'>m</subfield><subfield code='e'>a</subfield><subfield code='f'>-</subfield><subfield code='g'>0</subfield></datafield><datafield ind1=' ' ind2=' ' tag='998'><subfield code='b'>1</subfield><subfield code='c'>111013</subfield><subfield code='d'>m</subfield><subfield code='e'>a</subfield><subfield code='f'>-</subfield><subfield code='g'>0</subfield></datafield><datafield ind1=' ' ind2=' ' tag='ADM'><subfield code='b'>2018-03-15 16:24:02</subfield><subfield code='e'>b49909046-01tuli_inst</subfield><subfield code='d'>ILS</subfield><subfield code='a'>2017-06-20 10:48:44</subfield><subfield code='c'>false</subfield></datafield><datafield ind1='0' ind2=' ' tag='HLD'><subfield code='b'>MAIN</subfield><subfield code='c'>stacks</subfield><subfield code='h'>HC106.84</subfield><subfield code='i'>.R43 2011</subfield><subfield code='8'>22306341050003811</subfield></datafield><datafield ind1=' ' ind2=' ' tag='ITM'><subfield code='r'>22306341050003811</subfield><subfield code='b'>1</subfield><subfield code='h'>0</subfield><subfield code='g'>stacks</subfield><subfield code='t'>BOOK</subfield><subfield code='9'>39074026336016</subfield><subfield code='e'>stacks</subfield><subfield code='8'>23306341040003811</subfield><subfield code='a'>0</subfield><subfield code='q'>2017-06-20 10:48:44</subfield><subfield code='i'>HC106.84 .R43 2011</subfield><subfield code='d'>MAIN</subfield><subfield code='f'>MAIN</subfield></datafield></record>