
<record xmlns='http://www.loc.gov/MARC21/slim'><leader>02041pam a2200481 i 4500</leader><controlfield tag='005'>20170825175715.0</controlfield><controlfield tag='008'>160322t20162016nyua     b    001 0 eng  </controlfield><controlfield tag='001'>991025556989703811</controlfield><datafield ind1=' ' ind2=' ' tag='010'><subfield code='a'>2016011759</subfield></datafield><datafield ind1=' ' ind2=' ' tag='020'><subfield code='a'>9781107535862</subfield><subfield code='q'>(paperback)</subfield></datafield><datafield ind1=' ' ind2=' ' tag='020'><subfield code='a'>9781107115583</subfield><subfield code='q'>(hardcover)</subfield></datafield><datafield ind1=' ' ind2=' ' tag='035'><subfield code='a'>(PPT)b62548505-01tuli_inst</subfield></datafield><datafield ind1=' ' ind2=' ' tag='035'><subfield code='a'>(OCoLC)948668530</subfield></datafield><datafield ind1=' ' ind2=' ' tag='035'><subfield code='a'>ocn948668530</subfield></datafield><datafield ind1=' ' ind2=' ' tag='035'><subfield code='a'>(OCLC)ocn948668530</subfield></datafield><datafield ind1=' ' ind2=' ' tag='040'><subfield code='a'>DLC</subfield><subfield code='b'>eng</subfield><subfield code='e'>rda</subfield><subfield code='c'>DLC</subfield><subfield code='d'>OCLCO</subfield><subfield code='d'>MNW</subfield></datafield><datafield ind1=' ' ind2=' ' tag='042'><subfield code='a'>pcc</subfield></datafield><datafield ind1=' ' ind2=' ' tag='043'><subfield code='a'>n-us---</subfield></datafield><datafield ind1=' ' ind2=' ' tag='079'><subfield code='a'>ocn948668530</subfield></datafield><datafield ind1=' ' ind2=' ' tag='090'><subfield code='a'>HQ1236.5.U6</subfield><subfield code='b'>H39 2016</subfield></datafield><datafield ind1='1' ind2=' ' tag='100'><subfield code='a'>Hayes, Danny,</subfield><subfield code='e'>author.</subfield></datafield><datafield ind1='1' ind2='0' tag='245'><subfield code='a'>Women on the run :</subfield><subfield code='b'>gender, media, and political campaigns in a polarized era /</subfield><subfield code='c'>Danny Hayes (George Washington University), Jennifer L. Lawless (American University).</subfield></datafield><datafield ind1=' ' ind2='1' tag='264'><subfield code='a'>New York NY :</subfield><subfield code='b'>Cambridge University Press,</subfield><subfield code='c'>2016.</subfield></datafield><datafield ind1=' ' ind2='4' tag='264'><subfield code='c'>©2016</subfield></datafield><datafield ind1=' ' ind2=' ' tag='300'><subfield code='a'>xiii, 185 pages :</subfield><subfield code='b'>illustrations ;</subfield><subfield code='c'>23 cm</subfield></datafield><datafield ind1=' ' ind2=' ' tag='336'><subfield code='a'>text</subfield><subfield code='b'>txt</subfield><subfield code='2'>rdacontent</subfield></datafield><datafield ind1=' ' ind2=' ' tag='337'><subfield code='a'>unmediated</subfield><subfield code='b'>n</subfield><subfield code='2'>rdamedia</subfield></datafield><datafield ind1=' ' ind2=' ' tag='338'><subfield code='a'>volume</subfield><subfield code='b'>nc</subfield><subfield code='2'>rdacarrier</subfield></datafield><datafield ind1=' ' ind2=' ' tag='504'><subfield code='a'>Includes bibliographical references (pages 161-176) and index.</subfield></datafield><datafield ind1='0' ind2=' ' tag='505'><subfield code='a'>Gender, myth, and reality on the campaign trail -- Rethinking and reassessing gender differences on the campaign trail -- That&apos;s what she said, and so did he -- Sex is no story -- The party, not the person -- The origins and implications of perceptions of gender bias.</subfield></datafield><datafield ind1='1' ind2='0' tag='610'><subfield code='a'>United States.</subfield><subfield code='b'>Congress.</subfield><subfield code='b'>House</subfield><subfield code='x'>Elections, 2010.</subfield></datafield><datafield ind1='1' ind2='0' tag='610'><subfield code='a'>United States.</subfield><subfield code='b'>Congress.</subfield><subfield code='b'>House</subfield><subfield code='x'>Elections, 2014.</subfield></datafield><datafield ind1=' ' ind2='0' tag='650'><subfield code='a'>Women</subfield><subfield code='x'>Political activity</subfield><subfield code='z'>United States</subfield><subfield code='x'>History</subfield><subfield code='y'>21st century.</subfield></datafield><datafield ind1=' ' ind2='0' tag='650'><subfield code='a'>Women political candidates</subfield><subfield code='z'>United States</subfield><subfield code='x'>History</subfield><subfield code='y'>21st century.</subfield></datafield><datafield ind1=' ' ind2='0' tag='650'><subfield code='a'>Women politicians</subfield><subfield code='z'>United States</subfield><subfield code='x'>History</subfield><subfield code='y'>21st century.</subfield></datafield><datafield ind1='1' ind2=' ' tag='700'><subfield code='a'>Lawless, Jennifer L.,</subfield><subfield code='d'>1975-</subfield><subfield code='e'>author.</subfield></datafield><datafield ind1=' ' ind2=' ' tag='902'><subfield code='a'>170317</subfield></datafield><datafield ind1=' ' ind2=' ' tag='907'><subfield code='a'>.b62548505</subfield><subfield code='b'>multi</subfield><subfield code='c'>-</subfield></datafield><datafield ind1=' ' ind2=' ' tag='945'><subfield code='l'>astk </subfield><subfield code='g'>1</subfield></datafield><datafield ind1=' ' ind2=' ' tag='945'><subfield code='l'>pstk </subfield><subfield code='g'>1</subfield></datafield><datafield ind1=' ' ind2=' ' tag='979'><subfield code='a'>ocn948668530</subfield></datafield><datafield ind1=' ' ind2=' ' tag='998'><subfield code='b'>4</subfield><subfield code='c'>160729</subfield><subfield code='d'>m</subfield><subfield code='e'>a</subfield><subfield code='f'>-</subfield><subfield code='g'>0</subfield></datafield><datafield ind1=' ' ind2=' ' tag='998'><subfield code='b'>1</subfield><subfield code='c'>160729</subfield><subfield code='d'>m</subfield><subfield code='e'>a</subfield><subfield code='f'>-</subfield><subfield code='g'>0</subfield></datafield><datafield ind1=' ' ind2=' ' tag='ADM'><subfield code='b'>2017-08-25 21:57:15</subfield><subfield code='e'>b62548505-01tuli_inst</subfield><subfield code='d'>ILS</subfield><subfield code='a'>2017-06-20 06:38:43</subfield><subfield code='c'>false</subfield></datafield><datafield ind1='0' ind2=' ' tag='HLD'><subfield code='b'>AMBLER</subfield><subfield code='c'>stacks</subfield><subfield code='h'>HQ1236.5.U6</subfield><subfield code='i'>H39 2016</subfield><subfield code='8'>22251794230003811</subfield></datafield><datafield ind1='0' ind2=' ' tag='HLD'><subfield code='b'>MAIN</subfield><subfield code='c'>stacks</subfield><subfield code='h'>HQ1236.5.U6</subfield><subfield code='i'>H39 2016</subfield><subfield code='8'>22251794250003811</subfield></datafield><datafield ind1=' ' ind2=' ' tag='ITM'><subfield code='r'>22251794230003811</subfield><subfield code='b'>1</subfield><subfield code='h'>0</subfield><subfield code='g'>stacks</subfield><subfield code='t'>BOOK</subfield><subfield code='9'>39074030193783</subfield><subfield code='e'>stacks</subfield><subfield code='8'>23251794220003811</subfield><subfield code='a'>0</subfield><subfield code='q'>2017-06-20 06:38:43</subfield><subfield code='i'>HQ1236.5.U6 H39 2016</subfield><subfield code='d'>AMBLER</subfield><subfield code='f'>AMBLER</subfield></datafield><datafield ind1=' ' ind2=' ' tag='ITM'><subfield code='r'>22251794250003811</subfield><subfield code='b'>1</subfield><subfield code='h'>0</subfield><subfield code='g'>stacks</subfield><subfield code='t'>BOOK</subfield><subfield code='9'>39074030133243</subfield><subfield code='e'>stacks</subfield><subfield code='8'>23251794240003811</subfield><subfield code='a'>0</subfield><subfield code='q'>2017-06-20 06:38:43</subfield><subfield code='i'>HQ1236.5.U6 H39 2016</subfield><subfield code='d'>MAIN</subfield><subfield code='f'>MAIN</subfield></datafield></record>