
<record xmlns='http://www.loc.gov/MARC21/slim'><leader>01308nam  2200325 i 4500</leader><controlfield tag='001'>991036736164103811</controlfield><controlfield tag='005'>20170821164506.0</controlfield><controlfield tag='006'>m     o  d |      </controlfield><controlfield tag='007'>cr -n---------</controlfield><controlfield tag='008'>150320t20152015caua    ob    000 0 eng d</controlfield><datafield ind1=' ' ind2=' ' tag='020'><subfield code='a'>0-8330-8864-5</subfield></datafield><datafield ind1=' ' ind2=' ' tag='035'><subfield code='a'>(CKB)3710000000372298</subfield></datafield><datafield ind1=' ' ind2=' ' tag='035'><subfield code='a'>(EBL)1983598</subfield></datafield><datafield ind1=' ' ind2=' ' tag='035'><subfield code='a'>(SSID)ssj0001467748</subfield></datafield><datafield ind1=' ' ind2=' ' tag='035'><subfield code='a'>(PQKBManifestationID)11807214</subfield></datafield><datafield ind1=' ' ind2=' ' tag='035'><subfield code='a'>(PQKBTitleCode)TC0001467748</subfield></datafield><datafield ind1=' ' ind2=' ' tag='035'><subfield code='a'>(PQKBWorkID)11535852</subfield></datafield><datafield ind1=' ' ind2=' ' tag='035'><subfield code='a'>(PQKB)10727433</subfield></datafield><datafield ind1=' ' ind2=' ' tag='035'><subfield code='a'>(MiAaPQ)EBC1983598</subfield></datafield><datafield ind1=' ' ind2=' ' tag='035'><subfield code='a'>(EXLCZ)993710000000372298</subfield></datafield><datafield ind1=' ' ind2=' ' tag='040'><subfield code='a'>MiAaPQ</subfield><subfield code='b'>eng</subfield><subfield code='e'>rda</subfield><subfield code='e'>pn</subfield><subfield code='c'>MiAaPQ</subfield><subfield code='d'>MiAaPQ</subfield></datafield><datafield ind1=' ' ind2=' ' tag='041'><subfield code='a'>eng</subfield></datafield><datafield ind1=' ' ind2=' ' tag='043'><subfield code='a'>n-us---</subfield></datafield><datafield ind1=' ' ind2='4' tag='050'><subfield code='a'>JK274</subfield><subfield code='b'>.S877 2015</subfield></datafield><datafield ind1='0' ind2='0' tag='082'><subfield code='a'>328.73/072</subfield></datafield><datafield ind1='1' ind2=' ' tag='100'><subfield code='a'>Sussell, Jesse,</subfield><subfield code='e'>author.</subfield></datafield><datafield ind1='1' ind2='0' tag='245'><subfield code='a'>Are changing constituencies driving rising polarization in the U.S. house of representatives? /</subfield><subfield code='c'>Jesse Sussell, James A. Thomson.</subfield></datafield><datafield ind1=' ' ind2='1' tag='264'><subfield code='a'>Santa Monica, California :</subfield><subfield code='b'>RAND Corporation,</subfield><subfield code='c'>2015.</subfield></datafield><datafield ind1=' ' ind2='4' tag='264'><subfield code='c'>©2015</subfield></datafield><datafield ind1=' ' ind2=' ' tag='300'><subfield code='a'>1 online resource (63 p.)</subfield></datafield><datafield ind1=' ' ind2=' ' tag='336'><subfield code='a'>text</subfield><subfield code='b'>txt</subfield></datafield><datafield ind1=' ' ind2=' ' tag='337'><subfield code='a'>computer</subfield><subfield code='b'>c</subfield></datafield><datafield ind1=' ' ind2=' ' tag='338'><subfield code='a'>online resource</subfield><subfield code='b'>cr</subfield></datafield><datafield ind1=' ' ind2=' ' tag='500'><subfield code='a'>Description based upon print version of record.</subfield></datafield><datafield ind1='0' ind2=' ' tag='505'><subfield code='a'>Title Page; Copyright; Preface; Contents; Figures; Tables; Summary; Acknowledgments; Abbreviations; Chapter One: Introduction; Chapter Two: Is Partisan Geographic Clustering of the American Electorate a Reality?; The Big Sort: Concepts and Critiques; Re-Reconsidering the Clustering Question; Chapter Three: Is Geographic Clustering of Voters Driving Rising Polarization in Congress?; Method 1: The Regression Discontinuity Model; Method 2: The Rescaling Model; Method 3: The Multistage Model; Findings; Chapter Four: Discussion and Conclusion; Appendix: Notes and Technical Methods; References</subfield></datafield><datafield ind1=' ' ind2=' ' tag='520'><subfield code='a'>This report addresses two questions: first, whether the spatial distribution of the American electorate has become more geographically clustered over the last 40 years with respect to party voting and socioeconomic attributes; and second, whether this clustering process has contributed to rising polarization in the U.S. House of Representatives.</subfield></datafield><datafield ind1=' ' ind2=' ' tag='546'><subfield code='a'>English</subfield></datafield><datafield ind1=' ' ind2=' ' tag='504'><subfield code='a'>Includes bibliographical references.</subfield></datafield><datafield ind1=' ' ind2=' ' tag='588'><subfield code='a'>Description based on online resource; title from PDF title page (ebrary, viewed March 20, 2015).</subfield></datafield><datafield ind1=' ' ind2='4' tag='650'><subfield code='a'>Legislation -- United States.</subfield></datafield><datafield ind1=' ' ind2='4' tag='650'><subfield code='a'>Legislators -- United States.</subfield></datafield><datafield ind1=' ' ind2='4' tag='650'><subfield code='a'>United States. Congress. House.</subfield></datafield><datafield ind1=' ' ind2='7' tag='650'><subfield code='a'>Government - U.S.</subfield><subfield code='2'>HILCC</subfield></datafield><datafield ind1=' ' ind2='7' tag='650'><subfield code='a'>Law, Politics &amp; Government</subfield><subfield code='2'>HILCC</subfield></datafield><datafield ind1=' ' ind2='7' tag='650'><subfield code='a'>Political Institutions &amp; Public Administration - U.S.,  General</subfield><subfield code='2'>HILCC</subfield></datafield><datafield ind1=' ' ind2='4' tag='655'><subfield code='a'>Electronic books.</subfield></datafield><datafield ind1=' ' ind2='0' tag='651'><subfield code='a'>United States</subfield><subfield code='x'>Politics and government.</subfield></datafield><datafield ind1='1' ind2=' ' tag='700'><subfield code='a'>Thomson, James A.,</subfield><subfield code='e'>author.</subfield></datafield><datafield ind1=' ' ind2=' ' tag='906'><subfield code='a'>BOOK</subfield></datafield><datafield ind1=' ' ind2=' ' tag='PRT'><subfield code='a'>53398401610003811</subfield><subfield code='b'>https://sandbox01-na.alma.exlibrisgroup.com/view/uresolver/01TULI_INST/openurl?u.ignore_date_coverage=true&amp;rft.mms_id=991036736164103811</subfield><subfield code='e'>EBSCOhost</subfield><subfield code='c'>EBSCOhost Academic eBook Collection (North America)</subfield><subfield code='h'>613640000000000029</subfield><subfield code='8'>53398401610003811</subfield></datafield><datafield ind1=' ' ind2=' ' tag='PRT'><subfield code='a'>53401696900003811</subfield><subfield code='b'>https://sandbox01-na.alma.exlibrisgroup.com/view/uresolver/01TULI_INST/openurl?u.ignore_date_coverage=true&amp;rft.mms_id=991036736164103811</subfield><subfield code='e'>JSTOR</subfield><subfield code='c'>JSTOR Books Open Access</subfield><subfield code='h'>614330000000000094</subfield><subfield code='8'>53401696900003811</subfield></datafield></record>