
<record xmlns='http://www.loc.gov/MARC21/slim'><leader>02483cam a2200493 i 4500</leader><controlfield tag='005'>20180210141707.0</controlfield><controlfield tag='008'>170728t20172017mdua     b    001 0 eng d</controlfield><controlfield tag='001'>991036856790903811</controlfield><datafield ind1=' ' ind2=' ' tag='010'><subfield code='a'>  2017947139</subfield></datafield><datafield ind1=' ' ind2=' ' tag='020'><subfield code='a'>1498535216</subfield></datafield><datafield ind1=' ' ind2=' ' tag='020'><subfield code='a'>9781498535212</subfield></datafield><datafield ind1=' ' ind2=' ' tag='035'><subfield code='a'>(OCoLC)995305301</subfield></datafield><datafield ind1=' ' ind2=' ' tag='040'><subfield code='a'>YDX</subfield><subfield code='b'>eng</subfield><subfield code='c'>YDX</subfield><subfield code='d'>WVH</subfield><subfield code='d'>OCLCF</subfield><subfield code='d'>LSD</subfield><subfield code='d'>IPL</subfield></datafield><datafield ind1=' ' ind2='4' tag='050'><subfield code='a'>JV6483</subfield><subfield code='b'>.W895 2017</subfield></datafield><datafield ind1='0' ind2='4' tag='082'><subfield code='a'>325.7/3</subfield><subfield code='2'>23</subfield></datafield><datafield ind1='1' ind2=' ' tag='100'><subfield code='a'>Woods, Joshua,</subfield><subfield code='e'>author.</subfield></datafield><datafield ind1='1' ind2='0' tag='245'><subfield code='a'>Debating Immigration in the Age of Terrorism, Polarization, and Trump /</subfield><subfield code='c'>Joshua Woods, C. Damien Arthur.</subfield></datafield><datafield ind1=' ' ind2='1' tag='264'><subfield code='a'>Lanham :</subfield><subfield code='b'>Lexington Books,</subfield><subfield code='c'>[2017]</subfield></datafield><datafield ind1=' ' ind2='4' tag='264'><subfield code='c'>©2017</subfield></datafield><datafield ind1=' ' ind2=' ' tag='300'><subfield code='a'>xviii, 195 pages :</subfield><subfield code='b'>illustrations ;</subfield><subfield code='c'>24 cm</subfield></datafield><datafield ind1=' ' ind2=' ' tag='336'><subfield code='a'>text</subfield><subfield code='b'>txt</subfield><subfield code='2'>rdacontent</subfield></datafield><datafield ind1=' ' ind2=' ' tag='337'><subfield code='a'>unmediated</subfield><subfield code='b'>n</subfield><subfield code='2'>rdamedia</subfield></datafield><datafield ind1=' ' ind2=' ' tag='338'><subfield code='a'>volume</subfield><subfield code='b'>nc</subfield><subfield code='2'>rdacarrier</subfield></datafield><datafield ind1=' ' ind2=' ' tag='504'><subfield code='a'>Includes bibliographical references (pages 157-187) and index.</subfield></datafield><datafield ind1='0' ind2=' ' tag='505'><subfield code='a'>Introduction -- Grand Contradictions -- The Perceived Threat of Terrorism and the Authoritarian Turn in Attitudes toward Immigration -- The News Media, Terrorism, and the Immigration Threat Nexus -- The President Goes Negative -- Congressional Hearings: Immigration Frames in Expert Testimonies -- The Partisan Fear of Terrorism, the Polarization of Immigration Attitudes, and the 2016 Presidential Campaign.</subfield></datafield><datafield ind1=' ' ind2=' ' tag='520'><subfield code='a'>Debating Immigration utilizes a theoretically informed framework for analyzing the multifaceted immigration debate before and after 9/11 in the age of terrorism, political polarization, and authoritarianism.</subfield></datafield><datafield ind1='1' ind2='0' tag='600'><subfield code='a'>Trump, Donald,</subfield><subfield code='d'>1946-</subfield></datafield><datafield ind1='1' ind2='7' tag='600'><subfield code='a'>Trump, Donald,</subfield><subfield code='d'>1946-</subfield><subfield code='2'>fast</subfield><subfield code='0'>(OCoLC)fst00174117</subfield></datafield><datafield ind1=' ' ind2='0' tag='650'><subfield code='a'>Immigrants</subfield><subfield code='z'>United States.</subfield></datafield><datafield ind1=' ' ind2='0' tag='650'><subfield code='a'>Terrorism.</subfield></datafield><datafield ind1=' ' ind2='7' tag='650'><subfield code='a'>Emigration and immigration.</subfield><subfield code='2'>fast</subfield><subfield code='0'>(OCoLC)fst00908690</subfield></datafield><datafield ind1=' ' ind2='7' tag='650'><subfield code='a'>Emigration and immigration</subfield><subfield code='x'>Government policy.</subfield><subfield code='2'>fast</subfield><subfield code='0'>(OCoLC)fst00908700</subfield></datafield><datafield ind1=' ' ind2='7' tag='650'><subfield code='a'>Immigrants.</subfield><subfield code='2'>fast</subfield><subfield code='0'>(OCoLC)fst00967712</subfield></datafield><datafield ind1=' ' ind2='7' tag='650'><subfield code='a'>Terrorism.</subfield><subfield code='2'>fast</subfield><subfield code='0'>(OCoLC)fst01148101</subfield></datafield><datafield ind1=' ' ind2='0' tag='651'><subfield code='a'>United States</subfield><subfield code='x'>Emigration and immigration.</subfield></datafield><datafield ind1=' ' ind2='0' tag='651'><subfield code='a'>United States</subfield><subfield code='x'>Emigration and immigration</subfield><subfield code='x'>Government policy.</subfield></datafield><datafield ind1=' ' ind2='7' tag='651'><subfield code='a'>United States.</subfield><subfield code='2'>fast</subfield><subfield code='0'>(OCoLC)fst01204155</subfield></datafield><datafield ind1='1' ind2=' ' tag='700'><subfield code='a'>Arthur, C. Damien,</subfield><subfield code='e'>author.</subfield></datafield><datafield ind1=' ' ind2='1' tag='945'><subfield code='i'>39074026718593</subfield><subfield code='k'>MAIN</subfield><subfield code='l'>stacks</subfield><subfield code='a'>JV6483</subfield><subfield code='b'>.W895 2017</subfield><subfield code='z'>090</subfield></datafield><datafield ind1=' ' ind2=' ' tag='960'><subfield code='k'>MAIN</subfield><subfield code='l'>stacks</subfield></datafield><datafield ind1=' ' ind2=' ' tag='979'><subfield code='a'>(OCoLC)995305301</subfield></datafield><datafield ind1=' ' ind2=' ' tag='980'><subfield code='a'>12-19-17</subfield><subfield code='b'>9500</subfield><subfield code='e'>7647</subfield><subfield code='f'>I20107049</subfield></datafield><datafield ind1=' ' ind2=' ' tag='981'><subfield code='a'>Coutt</subfield><subfield code='b'>ctssa</subfield><subfield code='d'>38527313</subfield><subfield code='e'>SLI</subfield><subfield code='k'>MAIN</subfield><subfield code='l'>stacks</subfield></datafield><datafield ind1=' ' ind2=' ' tag='997'><subfield code='a'>20180115</subfield><subfield code='d'>TEU</subfield><subfield code='c'>COUTTS SR</subfield><subfield code='e'>WCAT</subfield><subfield code='e'>MARCIVE</subfield></datafield><datafield ind1=' ' ind2=' ' tag='ADM'><subfield code='b'>2018-02-10 19:17:07</subfield><subfield code='e'>ocn995305301</subfield><subfield code='d'>MARCIVE</subfield><subfield code='f'>20180205130442.0</subfield><subfield code='a'>2017-12-20 15:34:04</subfield><subfield code='c'>false</subfield></datafield><datafield ind1='0' ind2=' ' tag='HLD'><subfield code='b'>MAIN</subfield><subfield code='c'>stacks</subfield><subfield code='h'>JV6483</subfield><subfield code='i'>.W895 2017</subfield><subfield code='8'>22406749440003811</subfield></datafield><datafield ind1=' ' ind2=' ' tag='ITM'><subfield code='r'>22406749440003811</subfield><subfield code='b'>1</subfield><subfield code='h'>0</subfield><subfield code='g'>stacks</subfield><subfield code='t'>BOOK</subfield><subfield code='9'>39074026718593</subfield><subfield code='e'>stacks</subfield><subfield code='l'>0</subfield><subfield code='8'>23406749430003811</subfield><subfield code='j'>0</subfield><subfield code='a'>0</subfield><subfield code='q'>2017-12-20 15:34:16</subfield><subfield code='i'>JV6483 .W895 2017</subfield><subfield code='d'>MAIN</subfield><subfield code='f'>MAIN</subfield></datafield></record>