
<record xmlns='http://www.loc.gov/MARC21/slim'><leader>02752nasZZ2200709ZaZ4500</leader><controlfield tag='001'>991036718452103811</controlfield><controlfield tag='005'>20180322120112.0</controlfield><controlfield tag='006'>m-----o--d--------</controlfield><controlfield tag='007'>cr-cnu||||||||</controlfield><controlfield tag='008'>050324c19939999caufr-pso-----0---a0eng-c</controlfield><datafield ind1=' ' ind2=' ' tag='010'><subfield code='a'>  2005212214</subfield></datafield><datafield ind1=' ' ind2=' ' tag='015'><subfield code='a'>GBB350687</subfield><subfield code='2'>bnb</subfield></datafield><datafield ind1='7' ind2=' ' tag='016'><subfield code='a'>005508076</subfield><subfield code='2'>Uk</subfield></datafield><datafield ind1='7' ind2=' ' tag='016'><subfield code='a'>005508076</subfield><subfield code='2'>Uk</subfield></datafield><datafield ind1='7' ind2=' ' tag='016'><subfield code='a'>005508076</subfield><subfield code='2'>Uk</subfield></datafield><datafield ind1='7' ind2=' ' tag='016'><subfield code='a'>005508076</subfield><subfield code='2'>Uk</subfield></datafield><datafield ind1='7' ind2=' ' tag='016'><subfield code='a'>005508076</subfield><subfield code='2'>Uk</subfield></datafield><datafield ind1=' ' ind2=' ' tag='022'><subfield code='a'>1555-2934</subfield></datafield><datafield ind1=' ' ind2=' ' tag='035'><subfield code='a'>(OCoLC)58595073</subfield></datafield><datafield ind1=' ' ind2=' ' tag='035'><subfield code='a'>(CKB)110978984251346</subfield></datafield><datafield ind1=' ' ind2=' ' tag='035'><subfield code='a'>(CONSER)--2005212214</subfield></datafield><datafield ind1=' ' ind2=' ' tag='035'><subfield code='a'>(EXLCZ)99110978984251346</subfield></datafield><datafield ind1=' ' ind2=' ' tag='037'><subfield code='b'>American Anthropological Association, 1703 New Hampshire Ave., N.W., Washington, D.C. 20009</subfield></datafield><datafield ind1=' ' ind2=' ' tag='037'><subfield code='a'>22573/ctt7twg9t</subfield><subfield code='b'>JSTOR</subfield></datafield><datafield ind1=' ' ind2=' ' tag='042'><subfield code='a'>pcc</subfield><subfield code='a'>nsdp</subfield></datafield><datafield ind1='1' ind2='0' tag='050'><subfield code='a'>ISSN RECORD</subfield></datafield><datafield ind1='1' ind2='4' tag='050'><subfield code='a'>GN492</subfield></datafield><datafield ind1='1' ind2='0' tag='082'><subfield code='a'>301</subfield><subfield code='2'>13</subfield></datafield><datafield ind1='0' ind2=' ' tag='130'><subfield code='a'>Political and legal anthropology review (Online)</subfield></datafield><datafield ind1=' ' ind2=' ' tag='210'><subfield code='a'>POLAR-POLIT LEG ANTH</subfield></datafield><datafield ind1=' ' ind2=' ' tag='210'><subfield code='a'>POLAR: POLITICAL AND LEGAL ANTHROPOLOGY REVIEW</subfield></datafield><datafield ind1=' ' ind2='0' tag='222'><subfield code='a'>Political and legal anthropology review</subfield><subfield code='b'>(Online)</subfield></datafield><datafield ind1='1' ind2='0' tag='245'><subfield code='a'>Political and legal anthropology review :</subfield><subfield code='b'>PoLAR.</subfield></datafield><datafield ind1='3' ind2='0' tag='246'><subfield code='a'>PoLAR</subfield></datafield><datafield ind1=' ' ind2=' ' tag='246'><subfield code='a'>Political and legal anthropology review</subfield></datafield><datafield ind1=' ' ind2=' ' tag='260'><subfield code='a'>[Washington, D.C.] :</subfield><subfield code='b'>[Association for Political and Legal Anthropology],</subfield><subfield code='c'>©1993-</subfield></datafield><datafield ind1=' ' ind2=' ' tag='310'><subfield code='a'>Semiannual</subfield></datafield><datafield ind1=' ' ind2=' ' tag='336'><subfield code='a'>text</subfield><subfield code='b'>txt</subfield><subfield code='2'>rdacontent</subfield></datafield><datafield ind1=' ' ind2=' ' tag='337'><subfield code='a'>computer</subfield><subfield code='b'>c</subfield><subfield code='2'>rdamedia</subfield></datafield><datafield ind1=' ' ind2=' ' tag='338'><subfield code='a'>online resource</subfield><subfield code='b'>cr</subfield><subfield code='2'>rdacarrier</subfield></datafield><datafield ind1='0' ind2=' ' tag='362'><subfield code='a'>Vol. 16, no. 1 (Mar. 1993)-</subfield></datafield><datafield ind1=' ' ind2=' ' tag='500'><subfield code='a'>Title from PDF caption (AnthroSource Web site, viewed Aug. 11, 2006).</subfield></datafield><datafield ind1=' ' ind2=' ' tag='538'><subfield code='a'>Mode of access: World Wide Web.</subfield></datafield><datafield ind1=' ' ind2=' ' tag='588'><subfield code='a'>Latest issue consulted: Vol. 31, no. 2 (Nov. 2008) (AnthroSource, viewed Mar. 3, 2009).</subfield></datafield><datafield ind1=' ' ind2=' ' tag='500'><subfield code='a'>Refereed/Peer-reviewed</subfield></datafield><datafield ind1='2' ind2='0' tag='610'><subfield code='a'>Association for Political and Legal Anthropology</subfield><subfield code='v'>Periodicals.</subfield></datafield><datafield ind1='2' ind2='4' tag='610'><subfield code='a'>Association for Political and Legal Anthropology.</subfield></datafield><datafield ind1='2' ind2='7' tag='610'><subfield code='a'>Association for Political and Legal Anthropology.</subfield><subfield code='2'>fast</subfield><subfield code='0'>(OCoLC)fst01502134</subfield></datafield><datafield ind1=' ' ind2='0' tag='650'><subfield code='a'>Political anthropology</subfield><subfield code='v'>Periodicals.</subfield></datafield><datafield ind1=' ' ind2='0' tag='650'><subfield code='a'>Law and anthropology</subfield><subfield code='v'>Periodicals.</subfield></datafield><datafield ind1=' ' ind2='6' tag='650'><subfield code='a'>Anthropologie politique</subfield><subfield code='v'>Périodiques.</subfield></datafield><datafield ind1=' ' ind2='6' tag='650'><subfield code='a'>Droit et anthropologie</subfield><subfield code='v'>Périodiques.</subfield></datafield><datafield ind1=' ' ind2='7' tag='650'><subfield code='a'>Law and anthropology.</subfield><subfield code='2'>fast</subfield><subfield code='0'>(OCoLC)fst00993892</subfield></datafield><datafield ind1=' ' ind2='7' tag='650'><subfield code='a'>Political anthropology.</subfield><subfield code='2'>fast</subfield><subfield code='0'>(OCoLC)fst01069203</subfield></datafield><datafield ind1=' ' ind2='7' tag='650'><subfield code='a'>Legal Anthropology.</subfield><subfield code='2'>ebps</subfield></datafield><datafield ind1=' ' ind2='7' tag='650'><subfield code='a'>Political Anthropology.</subfield><subfield code='2'>ebps</subfield></datafield><datafield ind1=' ' ind2='0' tag='655'><subfield code='a'>Electronic journals.</subfield></datafield><datafield ind1=' ' ind2='4' tag='655'><subfield code='a'>Computer network resources.</subfield></datafield><datafield ind1=' ' ind2='7' tag='655'><subfield code='a'>Periodicals.</subfield><subfield code='2'>fast</subfield><subfield code='0'>(OCoLC)fst01411641</subfield></datafield><datafield ind1='2' ind2=' ' tag='710'><subfield code='a'>Association for Political and Legal Anthropology.</subfield></datafield><datafield ind1=' ' ind2=' ' tag='776'><subfield code='x'>1081-6976</subfield></datafield><datafield ind1='0' ind2='0' tag='780'><subfield code='w'>(CKB)1000000000281312</subfield></datafield><datafield ind1=' ' ind2=' ' tag='906'><subfield code='a'>JOURNAL</subfield></datafield><datafield ind1=' ' ind2=' ' tag='ADM'><subfield code='b'>2018-03-27 07:55:44</subfield><subfield code='e'>99110978984251346</subfield><subfield code='d'>NON_SFX</subfield><subfield code='f'>20160418025106.1</subfield><subfield code='a'>2012-02-26 00:16:57</subfield><subfield code='c'>false</subfield></datafield><datafield ind1=' ' ind2=' ' tag='PRT'><subfield code='a'>53347036380003811</subfield><subfield code='b'>https://sandbox01-na.alma.exlibrisgroup.com/view/uresolver/01TULI_INST/openurl?u.ignore_date_coverage=true&amp;rft.mms_id=991036718452103811</subfield><subfield code='e'>EBSCOhost</subfield><subfield code='g'> Available from 2008. Most recent 1 year(s) not available.</subfield><subfield code='9'>Available</subfield><subfield code='c'>EBSCOhost Academic Search Complete</subfield><subfield code='h'>611000000000001505</subfield><subfield code='8'>53347036380003811</subfield></datafield><datafield ind1=' ' ind2=' ' tag='PRT'><subfield code='a'>53354944650003811</subfield><subfield code='b'>https://sandbox01-na.alma.exlibrisgroup.com/view/uresolver/01TULI_INST/openurl?u.ignore_date_coverage=true&amp;rft.mms_id=991036718452103811</subfield><subfield code='e'>Wiley Online Library</subfield><subfield code='g'> Available from 1973 volume: 1 issue: 1.</subfield><subfield code='9'>Available</subfield><subfield code='c'>Wiley Online Library Anthrosource</subfield><subfield code='h'>613170000000000113</subfield><subfield code='8'>53354944650003811</subfield></datafield><datafield ind1=' ' ind2=' ' tag='PRT'><subfield code='a'>53365812980003811</subfield><subfield code='b'>https://sandbox01-na.alma.exlibrisgroup.com/view/uresolver/01TULI_INST/openurl?u.ignore_date_coverage=true&amp;rft.mms_id=991036718452103811</subfield><subfield code='e'>Wiley Online Library</subfield><subfield code='g'> Available from 1997.</subfield><subfield code='9'>Available</subfield><subfield code='c'>Wiley Online Library</subfield><subfield code='h'>61110974475362507</subfield><subfield code='8'>53365812980003811</subfield></datafield><datafield ind1=' ' ind2=' ' tag='PRT'><subfield code='a'>53350594910003811</subfield><subfield code='b'>https://sandbox01-na.alma.exlibrisgroup.com/view/uresolver/01TULI_INST/openurl?u.ignore_date_coverage=true&amp;rft.mms_id=991036718452103811</subfield><subfield code='e'>Hein Online</subfield><subfield code='g'> Available from 1987 volume: 10 until 1992 volume: 15. Available from 1973 volume: 1 until 1977 volume: 1. Available from 1978 volume: 2 until 1989 volume: 3. Available from 1980 volume: 4 until 1986 volume: 9. Available from 1993 volume: 16.</subfield><subfield code='9'>Available</subfield><subfield code='c'>HeinOnline Law Journal Library</subfield><subfield code='h'>61111021672379000</subfield><subfield code='8'>53350594910003811</subfield></datafield><datafield ind1=' ' ind2=' ' tag='PRT'><subfield code='a'>53367034080003811</subfield><subfield code='b'>https://sandbox01-na.alma.exlibrisgroup.com/view/uresolver/01TULI_INST/openurl?u.ignore_date_coverage=true&amp;rft.mms_id=991036718452103811</subfield><subfield code='e'>Wiley Online Library</subfield><subfield code='g'> Available from 1973 volume: 1 issue: 1 until 1996.</subfield><subfield code='9'>Available</subfield><subfield code='c'>Wiley Online Library Backfile Complete</subfield><subfield code='h'>611000000000002554</subfield><subfield code='8'>53367034080003811</subfield></datafield><datafield ind1=' ' ind2=' ' tag='PRT'><subfield code='a'>53401796900003811</subfield><subfield code='b'>https://sandbox01-na.alma.exlibrisgroup.com/view/uresolver/01TULI_INST/openurl?u.ignore_date_coverage=true&amp;rft.mms_id=991036718452103811</subfield><subfield code='e'>Wiley Online Library</subfield><subfield code='g'> Available from 1997 volume: 20 issue: 1.</subfield><subfield code='9'>Available</subfield><subfield code='c'>Wiley Online Library Database Model 2017</subfield><subfield code='h'>613810000000000260</subfield><subfield code='8'>53401796900003811</subfield></datafield><datafield ind1=' ' ind2=' ' tag='PRT'><subfield code='a'>53344785240003811</subfield><subfield code='b'>https://sandbox01-na.alma.exlibrisgroup.com/view/uresolver/01TULI_INST/openurl?u.ignore_date_coverage=true&amp;rft.mms_id=991036718452103811</subfield><subfield code='e'>Wiley Online Library</subfield><subfield code='g'> Available from 1973 volume: 1 issue: 1. Most recent 35 year(s) not available.</subfield><subfield code='9'>Available</subfield><subfield code='c'>Wiley Online Library Free Backfiles</subfield><subfield code='h'>613460000000000016</subfield><subfield code='8'>53344785240003811</subfield></datafield><datafield ind1=' ' ind2=' ' tag='PRT'><subfield code='a'>53407649530003811</subfield><subfield code='b'>https://sandbox01-na.alma.exlibrisgroup.com/view/uresolver/01TULI_INST/openurl?u.ignore_date_coverage=true&amp;rft.mms_id=991036718452103811</subfield><subfield code='e'>Westlaw</subfield><subfield code='9'>Available</subfield><subfield code='c'>WestlawNext Campus Research Law + News + Business</subfield><subfield code='h'>613820000000000115</subfield><subfield code='8'>53407649530003811</subfield></datafield></record>