
<record xmlns='http://www.loc.gov/MARC21/slim'><leader>04163cam  2200577 i 4500</leader><controlfield tag='005'>20180315133254.0</controlfield><controlfield tag='008'>170217s2017    nyuaf    b    001 0 eng d</controlfield><controlfield tag='001'>991032638199703811</controlfield><datafield ind1=' ' ind2=' ' tag='020'><subfield code='a'>9781632863140</subfield><subfield code='q'>(hardcover)</subfield></datafield><datafield ind1=' ' ind2=' ' tag='020'><subfield code='a'>1632863146</subfield><subfield code='q'>(hardcover)</subfield></datafield><datafield ind1=' ' ind2=' ' tag='020'><subfield code='z'>9781632863157</subfield><subfield code='q'>(ePub)</subfield></datafield><datafield ind1=' ' ind2=' ' tag='035'><subfield code='a'>(PPT)b64692218-01tuli_inst</subfield></datafield><datafield ind1=' ' ind2=' ' tag='035'><subfield code='a'>(OCoLC)972965013</subfield><subfield code='z'>(OCoLC)973335103</subfield></datafield><datafield ind1=' ' ind2=' ' tag='040'><subfield code='a'>JAI</subfield><subfield code='b'>eng</subfield><subfield code='e'>rda</subfield><subfield code='c'>JAI</subfield><subfield code='d'>FM0</subfield><subfield code='d'>ON8</subfield><subfield code='d'>GO4</subfield><subfield code='d'>ON9</subfield><subfield code='d'>CGP</subfield><subfield code='d'>IGA</subfield><subfield code='d'>VP@</subfield><subfield code='d'>YDX</subfield><subfield code='d'>ABG</subfield><subfield code='d'>BUR</subfield><subfield code='d'>TXMBL</subfield><subfield code='d'>VJ2</subfield><subfield code='d'>OCLCQ</subfield></datafield><datafield ind1=' ' ind2=' ' tag='043'><subfield code='a'>n-us---</subfield></datafield><datafield ind1=' ' ind2=' ' tag='090'><subfield code='a'>HQ1421</subfield><subfield code='b'>.S683 2017</subfield></datafield><datafield ind1='1' ind2=' ' tag='100'><subfield code='a'>Spruill, Marjorie Julian,</subfield><subfield code='d'>1951-</subfield><subfield code='e'>author.</subfield></datafield><datafield ind1='1' ind2='0' tag='245'><subfield code='a'>Divided we stand :</subfield><subfield code='b'>the battle over women&apos;s rights and family values that polarized American politics /</subfield><subfield code='c'>Marjorie J. Spruill.</subfield></datafield><datafield ind1=' ' ind2='1' tag='264'><subfield code='a'>New York :</subfield><subfield code='b'>Bloomsbury,</subfield><subfield code='c'>2017.</subfield></datafield><datafield ind1=' ' ind2=' ' tag='300'><subfield code='a'>436 pages, 16 unnumbered pages of plates :</subfield><subfield code='b'>illustrations ;</subfield><subfield code='c'>24 cm</subfield></datafield><datafield ind1=' ' ind2=' ' tag='336'><subfield code='a'>text</subfield><subfield code='b'>txt</subfield><subfield code='2'>rdacontent</subfield></datafield><datafield ind1=' ' ind2=' ' tag='337'><subfield code='a'>unmediated</subfield><subfield code='b'>n</subfield><subfield code='2'>rdamedia</subfield></datafield><datafield ind1=' ' ind2=' ' tag='338'><subfield code='a'>volume</subfield><subfield code='b'>nc</subfield><subfield code='2'>rdacarrier</subfield></datafield><datafield ind1=' ' ind2=' ' tag='504'><subfield code='a'>Includes bibliographical references (pages 351-425) and index.</subfield></datafield><datafield ind1='0' ind2=' ' tag='505'><subfield code='a'>Four days that changed the world -- The rise of the feminist establishment -- To form a more perfect union -- What&apos;s wrong with &quot;equal rights&quot; for women? -- An alternative to &quot;women&apos;s lib&quot; -- The gathering storm -- Armageddon state by state -- Out of the kitchen and into the counterrevolution -- Mama said there&apos;d be days like this -- Crest of the second wave -- Launching the pro-family movement -- We shall go forth -- Onward Christian soldiers -- A nation divided.</subfield></datafield><datafield ind1=' ' ind2=' ' tag='520'><subfield code='a'>&quot;Gloria Steinem was quoted in 2015 (in the New Yorker) as saying the National Women&apos;s Conference in 1977 &quot;may take the prize as the most important event nobody knows about.&quot; After the United Nations established International Women&apos;s Year (IWY) in 1975, Congress mandated and funded state conferences to elect delegates to attend the National Women&apos;s Conference in Houston in 1977, where Bella Abzug, Gloria Steinem, and other feminists endorsed a platform supporting abortion rights, the Equal Rights Amendment, and gay rights. Across town, Phyllis Schlafly, Lottie Beth Hobbs, and the conservative women&apos;s movement held a massive rally to protest federally funded feminism and launch a pro-family movement. Divided We Stand explores the role social issues have played in politics by reprising the battle between feminists and their conservative challengers, leading to Democrats supporting women&apos;s rights and Republicans casting themselves as the party of family values. As the 2016 presidential election made clear, the women&apos;s rights movement and the conservative women&apos;s movement have irrevocably affected the course of modern American politics. We cannot fully understand the present without appreciating the pivotal events that transpired in Houston and immediately thereafter.&quot;--Jacket.</subfield></datafield><datafield ind1='2' ind2='0' tag='611'><subfield code='a'>National Women&apos;s Conference (U.S.)</subfield><subfield code='d'>(1977 :</subfield><subfield code='c'>Houston, Tex.)</subfield></datafield><datafield ind1=' ' ind2='0' tag='650'><subfield code='a'>Women social reformers</subfield><subfield code='z'>United States.</subfield></datafield><datafield ind1=' ' ind2='0' tag='650'><subfield code='a'>Women&apos;s rights</subfield><subfield code='z'>United States.</subfield></datafield><datafield ind1=' ' ind2='0' tag='650'><subfield code='a'>Women</subfield><subfield code='z'>United States</subfield><subfield code='x'>Social conditions.</subfield></datafield><datafield ind1=' ' ind2='0' tag='650'><subfield code='a'>Women</subfield><subfield code='z'>United States</subfield><subfield code='x'>Attitudes.</subfield></datafield><datafield ind1=' ' ind2='0' tag='650'><subfield code='a'>Feminism</subfield><subfield code='z'>United States.</subfield></datafield><datafield ind1=' ' ind2='0' tag='650'><subfield code='a'>Anti-feminism</subfield><subfield code='z'>United States.</subfield></datafield><datafield ind1=' ' ind2='0' tag='650'><subfield code='a'>Feminists</subfield><subfield code='x'>Political activity</subfield><subfield code='z'>United States.</subfield></datafield><datafield ind1=' ' ind2='0' tag='650'><subfield code='a'>Women conservatives</subfield><subfield code='x'>Political activity</subfield><subfield code='z'>United States.</subfield></datafield><datafield ind1=' ' ind2='7' tag='650'><subfield code='a'>HISTORY</subfield><subfield code='x'>Modern</subfield><subfield code='x'>20th Century.</subfield><subfield code='2'>bisacsh</subfield></datafield><datafield ind1=' ' ind2='7' tag='650'><subfield code='a'>HISTORY</subfield><subfield code='x'>Social History.</subfield><subfield code='2'>bisacsh</subfield></datafield><datafield ind1=' ' ind2='7' tag='650'><subfield code='a'>SOCIAL SCIENCE</subfield><subfield code='x'>Women&apos;s Studies.</subfield><subfield code='2'>bisacsh</subfield></datafield><datafield ind1=' ' ind2='7' tag='650'><subfield code='a'>Women</subfield><subfield code='x'>Social conditions.</subfield><subfield code='2'>fast</subfield><subfield code='0'>(OCoLC)fst01176947</subfield></datafield><datafield ind1=' ' ind2='7' tag='650'><subfield code='a'>Women&apos;s rights.</subfield><subfield code='2'>fast</subfield><subfield code='0'>(OCoLC)fst01178818</subfield></datafield><datafield ind1=' ' ind2='7' tag='650'><subfield code='a'>Anti-feminism.</subfield><subfield code='2'>fast</subfield><subfield code='0'>(OCoLC)fst00810336</subfield></datafield><datafield ind1=' ' ind2='7' tag='650'><subfield code='a'>Feminism.</subfield><subfield code='2'>fast</subfield><subfield code='0'>(OCoLC)fst00922671</subfield></datafield><datafield ind1=' ' ind2='7' tag='650'><subfield code='a'>Feminists</subfield><subfield code='x'>Political activity.</subfield><subfield code='2'>fast</subfield><subfield code='0'>(OCoLC)fst00922838</subfield></datafield><datafield ind1=' ' ind2='7' tag='650'><subfield code='a'>Women</subfield><subfield code='x'>Attitudes.</subfield><subfield code='2'>fast</subfield><subfield code='0'>(OCoLC)fst01176584</subfield></datafield><datafield ind1=' ' ind2='7' tag='650'><subfield code='a'>Women social reformers.</subfield><subfield code='2'>fast</subfield><subfield code='0'>(OCoLC)fst01178540</subfield></datafield><datafield ind1=' ' ind2='7' tag='651'><subfield code='a'>United States.</subfield><subfield code='2'>fast</subfield><subfield code='0'>(OCoLC)fst01204155</subfield></datafield><datafield ind1=' ' ind2=' ' tag='907'><subfield code='a'>.b64692218</subfield><subfield code='b'>p    </subfield><subfield code='c'>-</subfield></datafield><datafield ind1=' ' ind2=' ' tag='945'><subfield code='l'>pstk </subfield><subfield code='g'>1</subfield></datafield><datafield ind1=' ' ind2=' ' tag='979'><subfield code='a'>ocn972965013</subfield><subfield code='b'>TEU</subfield></datafield><datafield ind1=' ' ind2=' ' tag='998'><subfield code='b'>1</subfield><subfield code='c'>170531</subfield><subfield code='d'>m</subfield><subfield code='e'>a</subfield><subfield code='f'>-</subfield><subfield code='g'>0</subfield></datafield><datafield ind1=' ' ind2=' ' tag='998'><subfield code='a'>sendtomarciveA</subfield></datafield><datafield ind1=' ' ind2=' ' tag='ADM'><subfield code='b'>2018-03-15 17:32:54</subfield><subfield code='e'>b64692218-01tuli_inst</subfield><subfield code='d'>OTHER</subfield><subfield code='a'>2017-06-20 08:49:50</subfield><subfield code='c'>false</subfield></datafield><datafield ind1='0' ind2=' ' tag='HLD'><subfield code='b'>MAIN</subfield><subfield code='c'>stacks</subfield><subfield code='h'>HQ1421</subfield><subfield code='i'>.S683 2017</subfield><subfield code='8'>22287217530003811</subfield></datafield><datafield ind1=' ' ind2=' ' tag='ITM'><subfield code='r'>22287217530003811</subfield><subfield code='b'>1</subfield><subfield code='h'>0</subfield><subfield code='g'>stacks</subfield><subfield code='t'>BOOK</subfield><subfield code='9'>39074030229454</subfield><subfield code='e'>stacks</subfield><subfield code='8'>23287217520003811</subfield><subfield code='a'>0</subfield><subfield code='q'>2017-06-20 08:49:50</subfield><subfield code='i'>HQ1421 .S683 2017</subfield><subfield code='d'>MAIN</subfield><subfield code='f'>MAIN</subfield></datafield></record>