
<record xmlns='http://www.loc.gov/MARC21/slim'><leader>01380pam a2200433 a 4500</leader><controlfield tag='005'>20180315214728.0</controlfield><controlfield tag='008'>020710s2003    cou      b    001 0 eng  </controlfield><controlfield tag='001'>991033896939703811</controlfield><datafield ind1=' ' ind2=' ' tag='010'><subfield code='a'>2002073985</subfield></datafield><datafield ind1=' ' ind2=' ' tag='020'><subfield code='a'>1588261085 (hbk. : alk. paper)</subfield></datafield><datafield ind1=' ' ind2=' ' tag='035'><subfield code='a'>(PPT)b26208325-01tuli_inst</subfield></datafield><datafield ind1=' ' ind2=' ' tag='035'><subfield code='a'>(DLC)ocn489456845</subfield><subfield code='9'>ExL</subfield></datafield><datafield ind1=' ' ind2=' ' tag='035'><subfield code='a'>DLC  2002073985</subfield></datafield><datafield ind1=' ' ind2=' ' tag='035'><subfield code='a'>ocm50184936</subfield></datafield><datafield ind1=' ' ind2=' ' tag='035'><subfield code='a'>(OCLC)ocm50184936</subfield></datafield><datafield ind1=' ' ind2=' ' tag='040'><subfield code='a'>DLC</subfield><subfield code='c'>DLC</subfield><subfield code='d'>OrLoB</subfield></datafield><datafield ind1=' ' ind2=' ' tag='042'><subfield code='a'>pcc</subfield></datafield><datafield ind1=' ' ind2=' ' tag='043'><subfield code='a'>s-ve---</subfield></datafield><datafield ind1=' ' ind2=' ' tag='079'><subfield code='a'>ocm50184936</subfield></datafield><datafield ind1=' ' ind2=' ' tag='090'><subfield code='a'>JL3881</subfield><subfield code='b'>.V464 2003</subfield></datafield><datafield ind1='0' ind2='0' tag='245'><subfield code='a'>Venezuelan politics in the Chávez era :</subfield><subfield code='b'>class, polarization, and conflict /</subfield><subfield code='c'>edited by Steve Ellner and Daniel Hellinger.</subfield></datafield><datafield ind1=' ' ind2=' ' tag='260'><subfield code='a'>Boulder, Colo. ;</subfield><subfield code='a'>London :</subfield><subfield code='b'>Lynne Rienner,</subfield><subfield code='c'>2003.</subfield></datafield><datafield ind1=' ' ind2=' ' tag='300'><subfield code='a'>x, 259 p. ;</subfield><subfield code='c'>24 cm.</subfield></datafield><datafield ind1=' ' ind2=' ' tag='504'><subfield code='a'>Includes bibliographical references (p. 227-241) and index.</subfield></datafield><datafield ind1=' ' ind2=' ' tag='504'><subfield code='a'>Includes web resources.</subfield></datafield><datafield ind1='1' ind2='0' tag='600'><subfield code='a'>Chávez Frías, Hugo.</subfield></datafield><datafield ind1=' ' ind2='0' tag='650'><subfield code='a'>Political culture</subfield><subfield code='z'>Venezuela.</subfield></datafield><datafield ind1=' ' ind2='0' tag='650'><subfield code='a'>Political parties</subfield><subfield code='z'>Venezuela.</subfield></datafield><datafield ind1=' ' ind2='0' tag='651'><subfield code='a'>Venezuela</subfield><subfield code='x'>Politics and government</subfield><subfield code='y'>1999-</subfield></datafield><datafield ind1='1' ind2=' ' tag='700'><subfield code='a'>Ellner, Steve.</subfield></datafield><datafield ind1='1' ind2=' ' tag='700'><subfield code='a'>Hellinger, Daniel.</subfield></datafield><datafield ind1=' ' ind2=' ' tag='901'><subfield code='a'>BNA</subfield></datafield><datafield ind1=' ' ind2=' ' tag='901'><subfield code='a'>R6344969</subfield></datafield><datafield ind1=' ' ind2=' ' tag='902'><subfield code='a'>030111AB0701</subfield></datafield><datafield ind1=' ' ind2=' ' tag='907'><subfield code='a'>.b26208325</subfield><subfield code='b'>p    </subfield><subfield code='c'>-</subfield></datafield><datafield ind1=' ' ind2=' ' tag='945'><subfield code='l'>pstk </subfield><subfield code='g'>1</subfield></datafield><datafield ind1=' ' ind2=' ' tag='979'><subfield code='a'>ocm50184936</subfield></datafield><datafield ind1=' ' ind2=' ' tag='998'><subfield code='b'>1</subfield><subfield code='c'>030210</subfield><subfield code='d'>m</subfield><subfield code='e'>a</subfield><subfield code='f'>-</subfield><subfield code='g'>0</subfield></datafield><datafield ind1=' ' ind2=' ' tag='998'><subfield code='b'>1</subfield><subfield code='c'>030210</subfield><subfield code='d'>m</subfield><subfield code='e'>a</subfield><subfield code='f'>-</subfield><subfield code='g'>0</subfield></datafield><datafield ind1=' ' ind2=' ' tag='ADM'><subfield code='b'>2018-03-16 01:47:28</subfield><subfield code='e'>b26208325-01tuli_inst</subfield><subfield code='d'>ILS</subfield><subfield code='a'>2017-06-20 08:51:35</subfield><subfield code='c'>false</subfield></datafield><datafield ind1='0' ind2=' ' tag='HLD'><subfield code='b'>MAIN</subfield><subfield code='c'>stacks</subfield><subfield code='h'>JL3881</subfield><subfield code='i'>.V464 2003</subfield><subfield code='8'>22287604420003811</subfield></datafield><datafield ind1=' ' ind2=' ' tag='ITM'><subfield code='r'>22287604420003811</subfield><subfield code='b'>1</subfield><subfield code='h'>0</subfield><subfield code='g'>stacks</subfield><subfield code='t'>BOOK</subfield><subfield code='9'>39074015804107</subfield><subfield code='e'>stacks</subfield><subfield code='8'>23287604410003811</subfield><subfield code='a'>0</subfield><subfield code='q'>2017-06-20 08:51:35</subfield><subfield code='i'>JL3881 .V464 2003</subfield><subfield code='d'>MAIN</subfield><subfield code='f'>MAIN</subfield></datafield></record>