
<record xmlns='http://www.loc.gov/MARC21/slim'><leader>01275cam a2200325Ii 4500</leader><controlfield tag='005'>20180210141653.0</controlfield><controlfield tag='008'>171005s2017    caua     b    001 0 eng d</controlfield><controlfield tag='001'>991036851948403811</controlfield><datafield ind1=' ' ind2=' ' tag='020'><subfield code='a'>081792115X</subfield></datafield><datafield ind1=' ' ind2=' ' tag='020'><subfield code='a'>9780817921156</subfield></datafield><datafield ind1=' ' ind2=' ' tag='035'><subfield code='a'>(OCoLC)1005194388</subfield></datafield><datafield ind1=' ' ind2=' ' tag='040'><subfield code='a'>YDX</subfield><subfield code='b'>eng</subfield><subfield code='c'>YDX</subfield><subfield code='d'>CDX</subfield><subfield code='d'>EYM</subfield></datafield><datafield ind1=' ' ind2='4' tag='050'><subfield code='a'>JK2271</subfield><subfield code='b'>.F56 2017</subfield></datafield><datafield ind1='0' ind2='4' tag='082'><subfield code='a'>324.273</subfield><subfield code='2'>23</subfield></datafield><datafield ind1='1' ind2=' ' tag='100'><subfield code='a'>Fiorina, Morris P.,</subfield><subfield code='e'>author.</subfield></datafield><datafield ind1='1' ind2='0' tag='245'><subfield code='a'>Unstable majorities :</subfield><subfield code='b'>polarization, party sorting, and political stalemate /</subfield><subfield code='c'>Morris P. Fiorina.</subfield></datafield><datafield ind1=' ' ind2='1' tag='264'><subfield code='a'>Stanford, California :</subfield><subfield code='b'>Hoover Institution Press, Stanford University,</subfield><subfield code='c'>[2017]</subfield></datafield><datafield ind1=' ' ind2=' ' tag='300'><subfield code='a'>xvii, 239 pages :</subfield><subfield code='b'>illustrations (some color) ;</subfield><subfield code='c'>23 cm.</subfield></datafield><datafield ind1='1' ind2=' ' tag='490'><subfield code='a'>Hoover Institution Press Publication ;</subfield><subfield code='v'>No. 685</subfield></datafield><datafield ind1='2' ind2='0' tag='610'><subfield code='a'>Democratic Party (U.S.)</subfield></datafield><datafield ind1='2' ind2='0' tag='610'><subfield code='a'>Republican Party (U.S. : 1854- )</subfield></datafield><datafield ind1=' ' ind2='0' tag='650'><subfield code='a'>Polarization (Social sciences)</subfield><subfield code='z'>United States.</subfield></datafield><datafield ind1=' ' ind2='0' tag='650'><subfield code='a'>Party affiliation</subfield><subfield code='z'>United States.</subfield></datafield><datafield ind1=' ' ind2='0' tag='830'><subfield code='a'>Hoover Institution Press publication ;</subfield><subfield code='v'>685.</subfield></datafield><datafield ind1=' ' ind2='1' tag='945'><subfield code='i'>39074026716787</subfield><subfield code='k'>MAIN</subfield><subfield code='l'>stacks</subfield><subfield code='a'>JK2271</subfield><subfield code='z'>090</subfield></datafield><datafield ind1=' ' ind2=' ' tag='960'><subfield code='k'>MAIN</subfield><subfield code='l'>stacks</subfield></datafield><datafield ind1=' ' ind2=' ' tag='979'><subfield code='a'>(OCoLC)1005194388</subfield></datafield><datafield ind1=' ' ind2=' ' tag='980'><subfield code='a'>12-13-17</subfield><subfield code='b'>2495</subfield><subfield code='e'>2008</subfield><subfield code='f'>I20106900</subfield></datafield><datafield ind1=' ' ind2=' ' tag='981'><subfield code='a'>Coutt</subfield><subfield code='b'>ctssa</subfield><subfield code='d'>39008031</subfield><subfield code='e'>SLI</subfield><subfield code='k'>MAIN</subfield><subfield code='l'>stacks</subfield></datafield><datafield ind1=' ' ind2=' ' tag='997'><subfield code='a'>20180110140230.0</subfield><subfield code='c'>YL</subfield><subfield code='d'>TEU</subfield><subfield code='s'>OCLC</subfield><subfield code='e'>WCAT</subfield><subfield code='e'>MARCIVE</subfield></datafield><datafield ind1=' ' ind2=' ' tag='ADM'><subfield code='b'>2018-02-10 19:16:53</subfield><subfield code='e'>991036851948403811</subfield><subfield code='d'>MARCIVE</subfield><subfield code='f'>20180205130403.0</subfield><subfield code='a'>2017-12-14 16:30:59</subfield><subfield code='c'>false</subfield></datafield><datafield ind1='0' ind2=' ' tag='HLD'><subfield code='b'>MAIN</subfield><subfield code='c'>stacks</subfield><subfield code='h'>JK2271</subfield><subfield code='i'>.F56 2017</subfield><subfield code='8'>22404260060003811</subfield></datafield><datafield ind1=' ' ind2=' ' tag='ITM'><subfield code='r'>22404260060003811</subfield><subfield code='b'>1</subfield><subfield code='h'>0</subfield><subfield code='g'>stacks</subfield><subfield code='t'>BOOK</subfield><subfield code='9'>39074026716787</subfield><subfield code='e'>stacks</subfield><subfield code='l'>0</subfield><subfield code='8'>23404260050003811</subfield><subfield code='j'>0</subfield><subfield code='a'>0</subfield><subfield code='q'>2017-12-14 16:31:31</subfield><subfield code='i'>JK2271 .F56 2017</subfield><subfield code='d'>MAIN</subfield><subfield code='f'>MAIN</subfield></datafield></record>