
<record xmlns='http://www.loc.gov/MARC21/slim'><leader>02814nam a22004575i 4500</leader><controlfield tag='001'>991036882482103811</controlfield><controlfield tag='005'>20170915152031.0</controlfield><controlfield tag='007'>cr nn 008mamaa</controlfield><controlfield tag='008'>170906s2018    gw |    o    |||| 0|eng d</controlfield><datafield ind1=' ' ind2=' ' tag='020'><subfield code='a'>3-319-57066-8</subfield></datafield><datafield ind1='7' ind2=' ' tag='024'><subfield code='a'>10.1007/978-3-319-57066-2</subfield><subfield code='2'>doi</subfield></datafield><datafield ind1=' ' ind2=' ' tag='035'><subfield code='a'>(CKB)4100000000587854</subfield></datafield><datafield ind1=' ' ind2=' ' tag='035'><subfield code='a'>(DE-He213)978-3-319-57066-2</subfield></datafield><datafield ind1=' ' ind2=' ' tag='035'><subfield code='a'>(EXLCZ)994100000000587854</subfield></datafield><datafield ind1=' ' ind2='4' tag='050'><subfield code='a'>JQ1-JQ1852</subfield></datafield><datafield ind1=' ' ind2='7' tag='072'><subfield code='a'>JP</subfield><subfield code='2'>bicssc</subfield></datafield><datafield ind1=' ' ind2='7' tag='072'><subfield code='a'>1F</subfield><subfield code='2'>bicssc</subfield></datafield><datafield ind1=' ' ind2='7' tag='072'><subfield code='a'>POL054000</subfield><subfield code='2'>bisacsh</subfield></datafield><datafield ind1='0' ind2='4' tag='082'><subfield code='a'>320.95</subfield><subfield code='2'>23</subfield></datafield><datafield ind1='1' ind2='0' tag='245'><subfield code='a'>Korea’s Quest for Economic Democratization</subfield><subfield code='h'>[electronic resource] :</subfield><subfield code='b'>Globalization, Polarization and Contention /</subfield><subfield code='c'>edited by Youngmi Kim.</subfield></datafield><datafield ind1=' ' ind2=' ' tag='246'><subfield code='a'>Korea&apos;s Quest for Economic Democratization </subfield></datafield><datafield ind1=' ' ind2='1' tag='264'><subfield code='a'>Cham :</subfield><subfield code='b'>Springer International Publishing :</subfield><subfield code='b'>Imprint: Palgrave Macmillan,</subfield><subfield code='c'>2018.</subfield></datafield><datafield ind1=' ' ind2=' ' tag='300'><subfield code='a'>1 online resource (XVII, 303 p. 6 illus.) </subfield></datafield><datafield ind1=' ' ind2=' ' tag='336'><subfield code='a'>text</subfield><subfield code='b'>txt</subfield><subfield code='2'>rdacontent</subfield></datafield><datafield ind1=' ' ind2=' ' tag='337'><subfield code='a'>computer</subfield><subfield code='b'>c</subfield><subfield code='2'>rdamedia</subfield></datafield><datafield ind1=' ' ind2=' ' tag='338'><subfield code='a'>online resource</subfield><subfield code='b'>cr</subfield><subfield code='2'>rdacarrier</subfield></datafield><datafield ind1=' ' ind2=' ' tag='347'><subfield code='a'>text file</subfield><subfield code='b'>PDF</subfield><subfield code='2'>rda</subfield></datafield><datafield ind1=' ' ind2=' ' tag='520'><subfield code='a'>This book studies the sources of inequality in contemporary South Korea and the social and political contention this engenders. Korean society is becoming more polarized. Demands for ‘economic democratization’ and a fairer redistribution of wealth occupy centre-stage of political campaigns, debates and discourse. The contributions offer perspectives on this wide-ranging socio-political change by examining the transformation of organized labour, civil society, the emergence of new cleavages in society, and the growing ethnic diversity of Korea’s population. Bringing together a team of scholars on Korea’s transition and democratization, the story the books tells is one of a society acutely divided by the neo-liberal policies that accompanied and followed the Asian financial crisis. Taken together, the contributions argue that tackling inequalities are challenges that Korean policy-makers can no longer postpone. The solution, however, cannot be imposed, once again, from the top down, but needs to arise from a broader conversation including all segments of Korean society. The book is intended for a readership interested in South Korean politics specifically, and global experiences in transition more generally.</subfield></datafield><datafield ind1=' ' ind2='0' tag='650'><subfield code='a'>Political science.</subfield></datafield><datafield ind1=' ' ind2='0' tag='650'><subfield code='a'>Democracy.</subfield></datafield><datafield ind1=' ' ind2='0' tag='650'><subfield code='a'>Asia</subfield><subfield code='x'>Politics and government.</subfield></datafield><datafield ind1=' ' ind2='0' tag='650'><subfield code='a'>Globalization.</subfield></datafield><datafield ind1='1' ind2='4' tag='650'><subfield code='a'>Political Science and International Relations.</subfield></datafield><datafield ind1='2' ind2='4' tag='650'><subfield code='a'>Asian Politics.</subfield></datafield><datafield ind1='2' ind2='4' tag='650'><subfield code='a'>Democracy.</subfield></datafield><datafield ind1='2' ind2='4' tag='650'><subfield code='a'>International Political Economy.</subfield></datafield><datafield ind1='2' ind2='4' tag='650'><subfield code='a'>Globalization.</subfield></datafield><datafield ind1=' ' ind2=' ' tag='776'><subfield code='z'>3-319-57065-X</subfield></datafield><datafield ind1='1' ind2=' ' tag='700'><subfield code='a'>Kim, Youngmi.</subfield><subfield code='e'>editor.</subfield></datafield><datafield ind1=' ' ind2=' ' tag='906'><subfield code='a'>BOOK</subfield></datafield><datafield ind1=' ' ind2=' ' tag='PRT'><subfield code='a'>53426919790003811</subfield><subfield code='b'>https://sandbox01-na.alma.exlibrisgroup.com/view/uresolver/01TULI_INST/openurl?u.ignore_date_coverage=true&amp;rft.mms_id=991036882482103811</subfield><subfield code='e'>Springer Link</subfield><subfield code='c'>SpringerLINK eBooks - English/International Collection (2018)</subfield><subfield code='h'>613810000000000405</subfield><subfield code='8'>53426919790003811</subfield></datafield></record>