
<record xmlns='http://www.loc.gov/MARC21/slim'><leader>01993nam a22004573u 4500</leader><controlfield tag='001'>991036736734903811</controlfield><controlfield tag='005'>20170919174410.0</controlfield><controlfield tag='006'>m        d        </controlfield><controlfield tag='007'>cr -n---------</controlfield><controlfield tag='008'>160516s2015|||||||     s|||||||||||eng|d</controlfield><datafield ind1=' ' ind2=' ' tag='020'><subfield code='a'>0-8157-2731-3</subfield></datafield><datafield ind1=' ' ind2=' ' tag='020'><subfield code='a'>0-8157-2730-5</subfield></datafield><datafield ind1=' ' ind2=' ' tag='035'><subfield code='a'>(CKB)3710000000533142</subfield></datafield><datafield ind1=' ' ind2=' ' tag='035'><subfield code='a'>(EBL)4321762</subfield></datafield><datafield ind1=' ' ind2=' ' tag='035'><subfield code='a'>(SSID)ssj0001582840</subfield></datafield><datafield ind1=' ' ind2=' ' tag='035'><subfield code='a'>(PQKBManifestationID)16259512</subfield></datafield><datafield ind1=' ' ind2=' ' tag='035'><subfield code='a'>(PQKBTitleCode)TC0001582840</subfield></datafield><datafield ind1=' ' ind2=' ' tag='035'><subfield code='a'>(PQKBWorkID)14794835</subfield></datafield><datafield ind1=' ' ind2=' ' tag='035'><subfield code='a'>(PQKB)10493367</subfield></datafield><datafield ind1=' ' ind2=' ' tag='035'><subfield code='a'>(EXLCZ)993710000000533142</subfield></datafield><datafield ind1=' ' ind2=' ' tag='040'><subfield code='a'>AU-PeEL</subfield><subfield code='b'>eng</subfield><subfield code='c'>AU-PeEL</subfield><subfield code='d'>AU-PeEL</subfield></datafield><datafield ind1=' ' ind2=' ' tag='041'><subfield code='a'>eng</subfield></datafield><datafield ind1=' ' ind2='0' tag='050'><subfield code='a'>JK468.P64 P657 2016</subfield></datafield><datafield ind1='0' ind2='0' tag='082'><subfield code='a'>320.973</subfield></datafield><datafield ind1='1' ind2=' ' tag='100'><subfield code='a'>Mansbridge, Jane.</subfield></datafield><datafield ind1='1' ind2='0' tag='245'><subfield code='a'>Political Negotiation :</subfield><subfield code='h'>[electronic resource] :</subfield><subfield code='b'>A Handbook</subfield></datafield><datafield ind1=' ' ind2=' ' tag='246'><subfield code='a'>Political Negotiation: A Handbook</subfield></datafield><datafield ind1=' ' ind2=' ' tag='260'><subfield code='a'>New York, NY :</subfield><subfield code='b'>Brookings Institution Press,</subfield><subfield code='c'>2015.</subfield></datafield><datafield ind1=' ' ind2=' ' tag='300'><subfield code='a'>1 online resource (306 p.)</subfield></datafield><datafield ind1=' ' ind2=' ' tag='336'><subfield code='a'>text</subfield><subfield code='b'>txt</subfield></datafield><datafield ind1=' ' ind2=' ' tag='337'><subfield code='a'>computer</subfield><subfield code='b'>c</subfield></datafield><datafield ind1=' ' ind2=' ' tag='338'><subfield code='a'>online resource</subfield><subfield code='b'>cr</subfield></datafield><datafield ind1=' ' ind2=' ' tag='500'><subfield code='a'>Description based upon print version of record.</subfield></datafield><datafield ind1='0' ind2=' ' tag='505'><subfield code='a'>Front Cover; Title Page; Copyright Information; Table of Contents; Acknowledgments; Introduction; Negotiating Political Agreements; Part 1: Stalemate in the United States; Causes and Consequences of Polarization; Making Deals in Congress; Part 2: The Problem and the Solution; Negotiation Myopia; Deliberative Negotiation; Part 3: Institutions and Rules of Collective Political Engagement; Conditions for Successful Negotiation; Negotiating Agreements in International Relations; Contributors; Index; Back Cover</subfield></datafield><datafield ind1=' ' ind2=' ' tag='546'><subfield code='a'>English</subfield></datafield><datafield ind1=' ' ind2='4' tag='650'><subfield code='a'>Polarization (Social sciences) - Political aspects - United States.</subfield></datafield><datafield ind1=' ' ind2='0' tag='655'><subfield code='a'>Electronic books.</subfield></datafield><datafield ind1=' ' ind2='0' tag='650'><subfield code='a'>Political planning</subfield><subfield code='x'>Political aspects</subfield><subfield code='z'>United States</subfield></datafield><datafield ind1=' ' ind2='0' tag='650'><subfield code='a'>Decision making</subfield><subfield code='x'>Political aspects</subfield><subfield code='z'>United States</subfield></datafield><datafield ind1=' ' ind2='0' tag='650'><subfield code='a'>Polarization (Social sciences)</subfield><subfield code='z'>United States</subfield></datafield><datafield ind1=' ' ind2='0' tag='650'><subfield code='a'>Political culture</subfield><subfield code='z'>United States</subfield></datafield><datafield ind1='1' ind2=' ' tag='700'><subfield code='a'>Martin, Cathie Jo.</subfield></datafield><datafield ind1=' ' ind2=' ' tag='776'><subfield code='z'>0-8157-2729-1</subfield></datafield><datafield ind1=' ' ind2=' ' tag='906'><subfield code='a'>BOOK</subfield></datafield><datafield ind1=' ' ind2=' ' tag='PRT'><subfield code='a'>53404660360003811</subfield><subfield code='b'>https://sandbox01-na.alma.exlibrisgroup.com/view/uresolver/01TULI_INST/openurl?u.ignore_date_coverage=true&amp;rft.mms_id=991036736734903811</subfield><subfield code='e'>EBSCOhost</subfield><subfield code='c'>eBook Public Library Collection - North America</subfield><subfield code='h'>613790000000001577</subfield><subfield code='8'>53404660360003811</subfield></datafield><datafield ind1=' ' ind2=' ' tag='PRT'><subfield code='a'>53423665000003811</subfield><subfield code='b'>https://sandbox01-na.alma.exlibrisgroup.com/view/uresolver/01TULI_INST/openurl?u.ignore_date_coverage=true&amp;rft.mms_id=991036736734903811</subfield><subfield code='e'>Ebook Central</subfield><subfield code='c'>Ebook Central College Complete</subfield><subfield code='h'>614330000000000032</subfield><subfield code='8'>53423665000003811</subfield></datafield><datafield ind1=' ' ind2=' ' tag='PRT'><subfield code='a'>53398400940003811</subfield><subfield code='b'>https://sandbox01-na.alma.exlibrisgroup.com/view/uresolver/01TULI_INST/openurl?u.ignore_date_coverage=true&amp;rft.mms_id=991036736734903811</subfield><subfield code='e'>EBSCOhost</subfield><subfield code='c'>EBSCOhost Academic eBook Collection (North America)</subfield><subfield code='h'>613640000000000029</subfield><subfield code='8'>53398400940003811</subfield></datafield><datafield ind1=' ' ind2=' ' tag='PRT'><subfield code='a'>53422816980003811</subfield><subfield code='b'>https://sandbox01-na.alma.exlibrisgroup.com/view/uresolver/01TULI_INST/openurl?u.ignore_date_coverage=true&amp;rft.mms_id=991036736734903811</subfield><subfield code='e'>Ebook Central</subfield><subfield code='c'>Ebook Central Academic Complete</subfield><subfield code='h'>614200000000000002</subfield><subfield code='8'>53422816980003811</subfield></datafield></record>