
<record xmlns='http://www.loc.gov/MARC21/slim'><leader>02008nam a22005173i 4500</leader><controlfield tag='005'>20151217095222.0</controlfield><controlfield tag='006'>m        d        </controlfield><controlfield tag='007'>cr||n|||||||||</controlfield><controlfield tag='008'>150806t20162016dcua    ob    001 0 eng d</controlfield><controlfield tag='001'>991013174099703811</controlfield><datafield ind1=' ' ind2=' ' tag='020'><subfield code='a'>9780815727293</subfield><subfield code='q'>(pbk. :</subfield><subfield code='q'>alk. paper)</subfield></datafield><datafield ind1=' ' ind2=' ' tag='020'><subfield code='a'>0815727291</subfield><subfield code='q'>(pbk. :</subfield><subfield code='q'>alk. paper)</subfield></datafield><datafield ind1=' ' ind2=' ' tag='020'><subfield code='a'>9780815727309</subfield><subfield code='q'>(epub)</subfield></datafield><datafield ind1=' ' ind2=' ' tag='020'><subfield code='a'>9780815727316 (MyiLibrary)</subfield></datafield><datafield ind1=' ' ind2=' ' tag='020'><subfield code='a'>0815727313</subfield></datafield><datafield ind1=' ' ind2=' ' tag='020'><subfield code='a'>9780815727316</subfield></datafield><datafield ind1=' ' ind2=' ' tag='035'><subfield code='a'>(PPT)b58670178-01tuli_inst</subfield></datafield><datafield ind1=' ' ind2=' ' tag='035'><subfield code='a'>(CaONFJC)cis31803499</subfield><subfield code='9'>ExL</subfield></datafield><datafield ind1=' ' ind2=' ' tag='035'><subfield code='a'>(OCoLC)0932051070</subfield></datafield><datafield ind1=' ' ind2=' ' tag='037'><subfield code='a'>877543</subfield><subfield code='b'>MIL</subfield></datafield><datafield ind1=' ' ind2=' ' tag='040'><subfield code='a'>CaONFJC</subfield><subfield code='e'>rda</subfield><subfield code='c'>CaONFJC</subfield></datafield><datafield ind1=' ' ind2=' ' tag='043'><subfield code='a'>n-us---</subfield></datafield><datafield ind1=' ' ind2=' ' tag='090'><subfield code='a'>JK468.P64</subfield><subfield code='b'>P657 2016eb</subfield></datafield><datafield ind1='0' ind2='0' tag='245'><subfield code='a'>Political negotiation</subfield><subfield code='h'>[electronic resource] :</subfield><subfield code='b'>a handbook /</subfield><subfield code='c'>Jane Mansbridge and Cathie Jo Martin, editors.</subfield></datafield><datafield ind1=' ' ind2='1' tag='264'><subfield code='a'>Washington, D.C. :</subfield><subfield code='b'>Brookings Institution Press,</subfield><subfield code='c'>[2016]</subfield></datafield><datafield ind1=' ' ind2='4' tag='264'><subfield code='c'>©2016</subfield></datafield><datafield ind1=' ' ind2=' ' tag='300'><subfield code='a'>1 online resource (viii, 296 pages) :</subfield><subfield code='b'>illustrations</subfield></datafield><datafield ind1=' ' ind2=' ' tag='336'><subfield code='a'>text</subfield><subfield code='b'>txt</subfield><subfield code='2'>rdacontent</subfield></datafield><datafield ind1=' ' ind2=' ' tag='337'><subfield code='a'>computer</subfield><subfield code='b'>c</subfield><subfield code='2'>rdamedia</subfield></datafield><datafield ind1=' ' ind2=' ' tag='338'><subfield code='a'>online resource</subfield><subfield code='b'>cr</subfield><subfield code='2'>rdacarrier</subfield></datafield><datafield ind1=' ' ind2=' ' tag='504'><subfield code='a'>Includes bibliographical references and index.</subfield></datafield><datafield ind1=' ' ind2=' ' tag='588'><subfield code='a'>Description based on print version record.</subfield></datafield><datafield ind1=' ' ind2=' ' tag='590'><subfield code='a'>Access is available to the Temple Community through use of a networked computer with a Temple IP address.</subfield></datafield><datafield ind1=' ' ind2='0' tag='650'><subfield code='a'>Political planning</subfield><subfield code='z'>United States.</subfield></datafield><datafield ind1=' ' ind2='0' tag='650'><subfield code='a'>Decision making</subfield><subfield code='x'>Political aspects</subfield><subfield code='z'>United States.</subfield></datafield><datafield ind1=' ' ind2='0' tag='650'><subfield code='a'>Polarization (Social sciences)</subfield><subfield code='x'>Political aspects</subfield><subfield code='z'>United States.</subfield></datafield><datafield ind1=' ' ind2='0' tag='650'><subfield code='a'>Political culture</subfield><subfield code='z'>United States.</subfield></datafield><datafield ind1=' ' ind2='0' tag='651'><subfield code='a'>United States</subfield><subfield code='x'>Politics and government</subfield><subfield code='x'>Decision making.</subfield></datafield><datafield ind1=' ' ind2='7' tag='655'><subfield code='a'>Electronic books.</subfield><subfield code='2'>local</subfield></datafield><datafield ind1='1' ind2=' ' tag='700'><subfield code='a'>Mansbridge, Jane J.,</subfield><subfield code='e'>editor.</subfield></datafield><datafield ind1='1' ind2=' ' tag='700'><subfield code='a'>Martin, Cathie J.,</subfield><subfield code='e'>editor.</subfield></datafield><datafield ind1='2' ind2=' ' tag='710'><subfield code='a'>MyiLibrary.</subfield></datafield><datafield ind1='4' ind2='0' tag='856'><subfield code='u'>http://libproxy.temple.edu/login?url=http://lib.myilibrary.com/detail.asp?ID=877543</subfield><subfield code='z'>Connect to MyiLibrary resource.</subfield></datafield><datafield ind1=' ' ind2=' ' tag='907'><subfield code='a'>.b58670178</subfield><subfield code='b'>w    </subfield><subfield code='c'>-</subfield></datafield><datafield ind1=' ' ind2=' ' tag='902'><subfield code='a'>170531</subfield></datafield><datafield ind1=' ' ind2=' ' tag='998'><subfield code='b'>1</subfield><subfield code='c'>      </subfield><subfield code='d'>m</subfield><subfield code='e'>@</subfield><subfield code='f'>-</subfield><subfield code='g'>0</subfield></datafield><datafield ind1=' ' ind2=' ' tag='945'><subfield code='l'>w    </subfield><subfield code='g'>1</subfield></datafield><datafield ind1=' ' ind2=' ' tag='PRT'><subfield code='a'>53382485270003811</subfield><subfield code='b'>https://sandbox01-na.alma.exlibrisgroup.com/view/uresolver/01TULI_INST/openurl?u.ignore_date_coverage=true&amp;rft.mms_id=991013174099703811</subfield><subfield code='f'>Connect to MyiLibrary resource.</subfield><subfield code='d'>MAIN</subfield><subfield code='8'>53382485270003811</subfield></datafield></record>