
<record xmlns='http://www.loc.gov/MARC21/slim'><leader>01514pam a22004574a 4500</leader><controlfield tag='005'>20170825192825.0</controlfield><controlfield tag='008'>050901s2006    okua     b   s001 0 eng  </controlfield><controlfield tag='001'>991012873059703811</controlfield><datafield ind1=' ' ind2=' ' tag='010'><subfield code='a'>2005052992</subfield></datafield><datafield ind1=' ' ind2=' ' tag='020'><subfield code='a'>0806137568 (alk. paper)</subfield></datafield><datafield ind1=' ' ind2=' ' tag='020'><subfield code='a'>0806137797 (pbk. : alk. paper)</subfield></datafield><datafield ind1='3' ind2=' ' tag='024'><subfield code='a'>9780806137797 (pbk.)</subfield></datafield><datafield ind1=' ' ind2=' ' tag='035'><subfield code='a'>(PPT)b30149502-01tuli_inst</subfield></datafield><datafield ind1=' ' ind2=' ' tag='035'><subfield code='a'>(OCoLC)ocn491640315</subfield><subfield code='9'>ExL</subfield></datafield><datafield ind1=' ' ind2=' ' tag='035'><subfield code='a'>DLCOCM61463835</subfield></datafield><datafield ind1=' ' ind2=' ' tag='035'><subfield code='a'>ocm61463835</subfield></datafield><datafield ind1=' ' ind2=' ' tag='035'><subfield code='a'>(OCLC)ocm61463835</subfield></datafield><datafield ind1=' ' ind2=' ' tag='040'><subfield code='a'>DLC</subfield><subfield code='c'>DLC</subfield><subfield code='d'>BAKER</subfield><subfield code='d'>C#P</subfield></datafield><datafield ind1=' ' ind2=' ' tag='042'><subfield code='a'>pcc</subfield></datafield><datafield ind1=' ' ind2=' ' tag='043'><subfield code='a'>n-us---</subfield></datafield><datafield ind1=' ' ind2=' ' tag='079'><subfield code='a'>ocm61463835</subfield></datafield><datafield ind1=' ' ind2=' ' tag='090'><subfield code='a'>JK2261</subfield><subfield code='b'>.S49 2006</subfield></datafield><datafield ind1='1' ind2=' ' tag='100'><subfield code='a'>Sinclair, Barbara,</subfield><subfield code='d'>1940-</subfield></datafield><datafield ind1='1' ind2='0' tag='245'><subfield code='a'>Party wars :</subfield><subfield code='b'>polarization and the politics of national policy making /</subfield><subfield code='c'>Barbara Sinclair.</subfield></datafield><datafield ind1=' ' ind2=' ' tag='260'><subfield code='a'>Norman :</subfield><subfield code='b'>University of Oklahoma Press,</subfield><subfield code='c'>c2006.</subfield></datafield><datafield ind1=' ' ind2=' ' tag='300'><subfield code='a'>xix, 424 p. :</subfield><subfield code='b'>ill. ;</subfield><subfield code='c'>21 cm.</subfield></datafield><datafield ind1=' ' ind2='4' tag='440'><subfield code='a'>The Julian J. Rothbaum distinguished lecture series ;</subfield><subfield code='v'>v. 10.</subfield></datafield><datafield ind1=' ' ind2=' ' tag='504'><subfield code='a'>Includes bibliographical references (p. [371]-393) and index.</subfield></datafield><datafield ind1=' ' ind2='0' tag='650'><subfield code='a'>Political parties</subfield><subfield code='z'>United States.</subfield></datafield><datafield ind1=' ' ind2='0' tag='650'><subfield code='a'>Party affiliation</subfield><subfield code='z'>United States.</subfield></datafield><datafield ind1=' ' ind2='0' tag='651'><subfield code='a'>United States</subfield><subfield code='x'>Politics and government.</subfield></datafield><datafield ind1=' ' ind2=' ' tag='901'><subfield code='a'>BNA</subfield></datafield><datafield ind1=' ' ind2=' ' tag='901'><subfield code='a'>R7574048</subfield></datafield><datafield ind1=' ' ind2=' ' tag='902'><subfield code='a'>160505</subfield></datafield><datafield ind1=' ' ind2=' ' tag='902'><subfield code='a'>060510AB0701</subfield></datafield><datafield ind1='0' ind2='0' tag='905'><subfield code='a'>Julian J. Rothbaum Distinguished lecture series</subfield><subfield code='v'>v.10</subfield></datafield><datafield ind1=' ' ind2=' ' tag='907'><subfield code='a'>.b30149502</subfield><subfield code='b'>p    </subfield><subfield code='c'>-</subfield></datafield><datafield ind1=' ' ind2=' ' tag='945'><subfield code='l'>pstk </subfield><subfield code='g'>1</subfield></datafield><datafield ind1=' ' ind2=' ' tag='979'><subfield code='a'>ocm61463835</subfield></datafield><datafield ind1=' ' ind2=' ' tag='998'><subfield code='b'>0</subfield><subfield code='c'>060524</subfield><subfield code='d'>m</subfield><subfield code='e'>a</subfield><subfield code='f'>-</subfield><subfield code='g'>0</subfield></datafield><datafield ind1=' ' ind2=' ' tag='998'><subfield code='b'>0</subfield><subfield code='c'>060524</subfield><subfield code='d'>m</subfield><subfield code='e'>a</subfield><subfield code='f'>-</subfield><subfield code='g'>0</subfield></datafield><datafield ind1=' ' ind2=' ' tag='ADM'><subfield code='b'>2018-03-15 22:27:46</subfield><subfield code='e'>b30149502-01tuli_inst</subfield><subfield code='d'>ILS</subfield><subfield code='a'>2017-06-20 08:57:37</subfield><subfield code='c'>false</subfield></datafield><datafield ind1='0' ind2=' ' tag='HLD'><subfield code='b'>MAIN</subfield><subfield code='c'>stacks</subfield><subfield code='h'>JK2261</subfield><subfield code='i'>.S49 2006</subfield><subfield code='8'>22288916350003811</subfield></datafield><datafield ind1=' ' ind2=' ' tag='ITM'><subfield code='r'>22288916350003811</subfield><subfield code='b'>1</subfield><subfield code='h'>0</subfield><subfield code='g'>stacks</subfield><subfield code='t'>BOOK</subfield><subfield code='9'>39074019289396</subfield><subfield code='e'>stacks</subfield><subfield code='8'>23288916340003811</subfield><subfield code='a'>0</subfield><subfield code='q'>2017-06-20 08:57:37</subfield><subfield code='i'>JK2261 .S49 2006</subfield><subfield code='d'>MAIN</subfield><subfield code='f'>MAIN</subfield></datafield></record>