
<record xmlns='http://www.loc.gov/MARC21/slim'><leader>01689pam a2200457 a 4500</leader><controlfield tag='005'>20170826032603.0</controlfield><controlfield tag='008'>010723s2002    enk      b    101 0 eng  </controlfield><controlfield tag='001'>991026541309703811</controlfield><datafield ind1=' ' ind2=' ' tag='010'><subfield code='a'>2001040619</subfield></datafield><datafield ind1=' ' ind2=' ' tag='020'><subfield code='a'>0745628613 (pbk.)</subfield></datafield><datafield ind1=' ' ind2=' ' tag='020'><subfield code='a'>0745628605 (hbk.)</subfield></datafield><datafield ind1=' ' ind2=' ' tag='035'><subfield code='a'>(PPT)b24596516-01tuli_inst</subfield></datafield><datafield ind1=' ' ind2=' ' tag='035'><subfield code='a'>(DLC)ocn487439390</subfield><subfield code='9'>ExL</subfield></datafield><datafield ind1=' ' ind2=' ' tag='035'><subfield code='a'>DLC  2001040619</subfield></datafield><datafield ind1=' ' ind2=' ' tag='035'><subfield code='a'>ocm47650821</subfield></datafield><datafield ind1=' ' ind2=' ' tag='035'><subfield code='a'>(OCLC)ocm47650821</subfield></datafield><datafield ind1=' ' ind2=' ' tag='040'><subfield code='a'>DLC</subfield><subfield code='c'>DLC</subfield><subfield code='d'>OrLoB</subfield></datafield><datafield ind1=' ' ind2=' ' tag='042'><subfield code='a'>pcc</subfield></datafield><datafield ind1=' ' ind2=' ' tag='079'><subfield code='a'>ocm47650821</subfield></datafield><datafield ind1=' ' ind2=' ' tag='090'><subfield code='a'>JZ1242</subfield><subfield code='b'>.N49 2002</subfield></datafield><datafield ind1='0' ind2='4' tag='245'><subfield code='a'>The new agenda for international relations :</subfield><subfield code='b'>from polarization to globalization in world politics? /</subfield><subfield code='c'>edited by Stephanie Lawson.</subfield></datafield><datafield ind1=' ' ind2=' ' tag='260'><subfield code='a'>Cambridge, UK :</subfield><subfield code='b'>Polity ;</subfield><subfield code='a'>Oxford ;</subfield><subfield code='a'>Malden, MA :</subfield><subfield code='b'>Blackwell,</subfield><subfield code='c'>2002.</subfield></datafield><datafield ind1=' ' ind2=' ' tag='300'><subfield code='a'>xiii, 234 p. ;</subfield><subfield code='c'>24 cm.</subfield></datafield><datafield ind1=' ' ind2=' ' tag='500'><subfield code='a'>&quot;First presented ... at a conference held at the University of East Anglia in September 1999 entitled The new agenda for international relations&quot;--Pref.</subfield></datafield><datafield ind1=' ' ind2=' ' tag='500'><subfield code='a'>&quot;ESRC, Economic &amp; Social Research Council, Centre for the Study of Globalisation and Regionalisation.&quot;</subfield></datafield><datafield ind1=' ' ind2=' ' tag='504'><subfield code='a'>Includes bibliographical references and index.</subfield></datafield><datafield ind1=' ' ind2='0' tag='650'><subfield code='a'>International relations.</subfield></datafield><datafield ind1=' ' ind2='0' tag='650'><subfield code='a'>International relations</subfield><subfield code='x'>Methodology.</subfield></datafield><datafield ind1=' ' ind2='0' tag='650'><subfield code='a'>World politics</subfield><subfield code='y'>1989-</subfield></datafield><datafield ind1='1' ind2=' ' tag='700'><subfield code='a'>Lawson, Stephanie.</subfield></datafield><datafield ind1='2' ind2=' ' tag='710'><subfield code='a'>University of East Anglia.</subfield></datafield><datafield ind1='2' ind2=' ' tag='710'><subfield code='a'>Economic and Social Research Council (Great Britain)</subfield></datafield><datafield ind1=' ' ind2=' ' tag='901'><subfield code='a'>BNA</subfield></datafield><datafield ind1=' ' ind2=' ' tag='901'><subfield code='a'>R1285384</subfield></datafield><datafield ind1=' ' ind2=' ' tag='902'><subfield code='a'>110512</subfield></datafield><datafield ind1=' ' ind2=' ' tag='902'><subfield code='a'>020209AB0701</subfield></datafield><datafield ind1=' ' ind2=' ' tag='907'><subfield code='a'>.b24596516</subfield><subfield code='b'>p    </subfield><subfield code='c'>-</subfield></datafield><datafield ind1=' ' ind2=' ' tag='945'><subfield code='l'>pstk </subfield><subfield code='g'>1</subfield></datafield><datafield ind1=' ' ind2=' ' tag='979'><subfield code='a'>ocm47650821</subfield></datafield><datafield ind1=' ' ind2=' ' tag='998'><subfield code='b'>1</subfield><subfield code='c'>020307</subfield><subfield code='d'>m</subfield><subfield code='e'>a</subfield><subfield code='f'>-</subfield><subfield code='g'>4</subfield></datafield><datafield ind1=' ' ind2=' ' tag='998'><subfield code='b'>1</subfield><subfield code='c'>020307</subfield><subfield code='d'>m</subfield><subfield code='e'>a</subfield><subfield code='f'>-</subfield><subfield code='g'>4</subfield></datafield><datafield ind1=' ' ind2=' ' tag='ADM'><subfield code='b'>2017-08-26 07:26:03</subfield><subfield code='e'>b24596516-01tuli_inst</subfield><subfield code='d'>ILS</subfield><subfield code='a'>2017-06-20 07:02:24</subfield><subfield code='c'>false</subfield></datafield><datafield ind1='0' ind2=' ' tag='HLD'><subfield code='b'>MAIN</subfield><subfield code='c'>stacks</subfield><subfield code='h'>JZ1242</subfield><subfield code='i'>.N49 2002</subfield><subfield code='8'>22259602830003811</subfield></datafield><datafield ind1=' ' ind2=' ' tag='ITM'><subfield code='r'>22259602830003811</subfield><subfield code='b'>1</subfield><subfield code='h'>0</subfield><subfield code='g'>stacks</subfield><subfield code='t'>BOOK</subfield><subfield code='9'>39074014941918</subfield><subfield code='e'>stacks</subfield><subfield code='8'>23259602820003811</subfield><subfield code='a'>0</subfield><subfield code='q'>2017-06-20 07:02:24</subfield><subfield code='i'>JZ1242 .N49 2002</subfield><subfield code='d'>MAIN</subfield><subfield code='f'>MAIN</subfield></datafield></record>