
<record xmlns='http://www.loc.gov/MARC21/slim'><leader>01654nam  2200433 i 4500</leader><controlfield tag='006'>m     o  d |      </controlfield><controlfield tag='007'>cr cnu||||||||</controlfield><controlfield tag='008'>170613s2017    nyuad   ob    001 0 eng|d</controlfield><controlfield tag='001'>991036849114303811</controlfield><datafield ind1=' ' ind2=' ' tag='020'><subfield code='a'>9781107183674</subfield></datafield><datafield ind1=' ' ind2=' ' tag='020'><subfield code='a'>9781316880661 (Proquest Ebook Central)</subfield></datafield><datafield ind1=' ' ind2=' ' tag='020'><subfield code='a'>1316880664</subfield></datafield><datafield ind1=' ' ind2=' ' tag='020'><subfield code='a'>9781316880661</subfield></datafield><datafield ind1=' ' ind2=' ' tag='035'><subfield code='a'>(MiAaPQ)EBC4857071</subfield></datafield><datafield ind1=' ' ind2=' ' tag='035'><subfield code='a'>(OCoLC)987000258</subfield></datafield><datafield ind1=' ' ind2=' ' tag='035'><subfield code='a'>(CaONFJC)EBC4857071</subfield></datafield><datafield ind1=' ' ind2=' ' tag='037'><subfield code='a'>4857071</subfield><subfield code='b'>Proquest Ebook Central</subfield></datafield><datafield ind1=' ' ind2=' ' tag='040'><subfield code='a'>CaONFJC</subfield><subfield code='e'>rda</subfield><subfield code='c'>CaONFJC</subfield></datafield><datafield ind1=' ' ind2='4' tag='050'><subfield code='a'>JK1021</subfield><subfield code='b'>.T46 2017</subfield></datafield><datafield ind1='0' ind2=' ' tag='082'><subfield code='a'>324.273</subfield><subfield code='2'>23</subfield></datafield><datafield ind1='1' ind2=' ' tag='100'><subfield code='a'>Thomsen, Danielle M.,</subfield><subfield code='e'>author.</subfield></datafield><datafield ind1='1' ind2='0' tag='245'><subfield code='a'>Opting out of congress :</subfield><subfield code='b'>partisan polarization and the decline of moderate candidates /</subfield><subfield code='c'>Danielle M. Thomsen, Syracuse University.</subfield></datafield><datafield ind1=' ' ind2='1' tag='264'><subfield code='a'>New York, NY :</subfield><subfield code='b'>Cambridge University Press,</subfield><subfield code='c'>2017.</subfield></datafield><datafield ind1=' ' ind2=' ' tag='300'><subfield code='a'>1 online resource (220 pages) :</subfield><subfield code='b'>illustrations</subfield></datafield><datafield ind1=' ' ind2=' ' tag='336'><subfield code='a'>text</subfield><subfield code='b'>txt</subfield><subfield code='2'>rdacontent</subfield></datafield><datafield ind1=' ' ind2=' ' tag='337'><subfield code='a'>computer</subfield><subfield code='b'>c</subfield><subfield code='2'>rdamedia</subfield></datafield><datafield ind1=' ' ind2=' ' tag='338'><subfield code='a'>online resource</subfield><subfield code='b'>cr</subfield><subfield code='2'>rdacarrier</subfield></datafield><datafield ind1=' ' ind2=' ' tag='504'><subfield code='a'>Includes bibliographical references and index.</subfield></datafield><datafield ind1=' ' ind2=' ' tag='588'><subfield code='a'>Description based on online resource; title from PDF title page (ebrary, viewed June 13, 2017).</subfield></datafield><datafield ind1='1' ind2='0' tag='610'><subfield code='a'>United States.</subfield><subfield code='b'>Congress</subfield></datafield><datafield ind1=' ' ind2='0' tag='650'><subfield code='a'>Political parties</subfield><subfield code='z'>United States.</subfield></datafield><datafield ind1=' ' ind2='0' tag='651'><subfield code='a'>United States</subfield><subfield code='x'>Politics and government.</subfield></datafield><datafield ind1='2' ind2=' ' tag='710'><subfield code='a'>Ebook Central</subfield></datafield><datafield ind1='2' ind2=' ' tag='797'><subfield code='a'>ProQuest (Firm)</subfield></datafield><datafield ind1='4' ind2='0' tag='856'><subfield code='u'>http://ebookcentral.proquest.com/lib/templeuniv-ebooks/detail.action?docID=4857071</subfield></datafield><datafield ind1=' ' ind2='1' tag='945'><subfield code='l'>w</subfield><subfield code='a'>JK1021</subfield><subfield code='b'>.T46 2017</subfield><subfield code='s'>e</subfield><subfield code='t'>29</subfield><subfield code='z'>090</subfield></datafield><datafield ind1=' ' ind2=' ' tag='979'><subfield code='a'>EBC4857071</subfield></datafield><datafield ind1=' ' ind2=' ' tag='980'><subfield code='b'>&lt;listprice100.0+0&gt;</subfield><subfield code='e'>&lt;netprice100.0+0&gt;</subfield><subfield code='f'>I</subfield><subfield code='g'>1</subfield></datafield><datafield ind1=' ' ind2=' ' tag='981'><subfield code='a'>Coutts</subfield><subfield code='b'>ctpdf</subfield><subfield code='c'>w</subfield><subfield code='d'>38348709</subfield><subfield code='e'>SLI</subfield></datafield><datafield ind1=' ' ind2=' ' tag='ADM'><subfield code='b'>2018-03-25 09:26:16</subfield><subfield code='e'>EBC4857071</subfield><subfield code='d'>COUTTS</subfield><subfield code='a'>2017-11-30 17:54:58</subfield><subfield code='c'>false</subfield></datafield><datafield ind1=' ' ind2=' ' tag='PRT'><subfield code='a'>53403728630003811</subfield><subfield code='b'>https://sandbox01-na.alma.exlibrisgroup.com/view/uresolver/01TULI_INST/openurl?u.ignore_date_coverage=true&amp;rft.mms_id=991036849114303811</subfield><subfield code='9'>Available</subfield><subfield code='c'>Ebook Central</subfield><subfield code='8'>53403728630003811</subfield></datafield></record>