
<record xmlns='http://www.loc.gov/MARC21/slim'><leader>01096cam a22003378a 4500</leader><controlfield tag='005'>20180315120707.0</controlfield><controlfield tag='008'>090827s2010    ctu      b    001 0 eng  </controlfield><controlfield tag='001'>991002093309703811</controlfield><datafield ind1=' ' ind2=' ' tag='010'><subfield code='a'>2009033737</subfield></datafield><datafield ind1=' ' ind2=' ' tag='020'><subfield code='a'>9780300141627 (cloth : alk. paper)</subfield></datafield><datafield ind1=' ' ind2=' ' tag='035'><subfield code='a'>(PPT)b42945069-01tuli_inst</subfield></datafield><datafield ind1=' ' ind2=' ' tag='035'><subfield code='a'>(DLC)DLC  2009033737</subfield><subfield code='9'>ExL</subfield></datafield><datafield ind1=' ' ind2=' ' tag='040'><subfield code='a'>DLC</subfield><subfield code='c'>DLC</subfield></datafield><datafield ind1=' ' ind2=' ' tag='043'><subfield code='a'>n-us---</subfield></datafield><datafield ind1=' ' ind2=' ' tag='090'><subfield code='a'>JK2261</subfield><subfield code='b'>.A28 2010</subfield></datafield><datafield ind1='1' ind2=' ' tag='100'><subfield code='a'>Abramowitz, Alton L.,</subfield><subfield code='d'>1948-</subfield></datafield><datafield ind1='1' ind2='4' tag='245'><subfield code='a'>The disappearing center :</subfield><subfield code='b'>engaged citizens, polarization, and American democracy /</subfield><subfield code='c'>Alan I. Abramowitz.</subfield></datafield><datafield ind1=' ' ind2=' ' tag='260'><subfield code='a'>New Haven :</subfield><subfield code='b'>Yale University Press,</subfield><subfield code='c'>2010.</subfield></datafield><datafield ind1=' ' ind2=' ' tag='263'><subfield code='a'>1006</subfield></datafield><datafield ind1=' ' ind2=' ' tag='300'><subfield code='a'>p. cm.</subfield></datafield><datafield ind1=' ' ind2=' ' tag='504'><subfield code='a'>Includes bibliographical references and index.</subfield></datafield><datafield ind1=' ' ind2='0' tag='650'><subfield code='a'>Political parties</subfield><subfield code='z'>United States.</subfield></datafield><datafield ind1=' ' ind2='0' tag='650'><subfield code='a'>Party affiliation</subfield><subfield code='z'>United States.</subfield></datafield><datafield ind1=' ' ind2='0' tag='650'><subfield code='a'>Polarization (Social sciences)</subfield></datafield><datafield ind1=' ' ind2='0' tag='651'><subfield code='a'>United States</subfield><subfield code='x'>Politics and government</subfield><subfield code='y'>2009-2017</subfield></datafield><datafield ind1=' ' ind2=' ' tag='901'><subfield code='a'>BNA</subfield></datafield><datafield ind1=' ' ind2=' ' tag='901'><subfield code='a'>R1838213</subfield></datafield><datafield ind1=' ' ind2=' ' tag='902'><subfield code='a'>100428AB0701</subfield></datafield><datafield ind1=' ' ind2=' ' tag='907'><subfield code='a'>.b42945069</subfield><subfield code='b'>p    </subfield><subfield code='c'>-</subfield></datafield><datafield ind1=' ' ind2=' ' tag='945'><subfield code='l'>pstk </subfield><subfield code='g'>1</subfield></datafield><datafield ind1=' ' ind2=' ' tag='998'><subfield code='b'>1</subfield><subfield code='d'>m</subfield><subfield code='e'>a</subfield><subfield code='f'>-</subfield><subfield code='g'>4</subfield></datafield><datafield ind1=' ' ind2=' ' tag='ADM'><subfield code='b'>2018-03-15 16:07:07</subfield><subfield code='e'>b42945069-01tuli_inst</subfield><subfield code='d'>ILS</subfield><subfield code='a'>2017-06-20 07:09:42</subfield><subfield code='c'>false</subfield></datafield><datafield ind1='0' ind2=' ' tag='HLD'><subfield code='b'>MAIN</subfield><subfield code='c'>stacks</subfield><subfield code='h'>JK2261</subfield><subfield code='i'>.A28 2010</subfield><subfield code='8'>22261956250003811</subfield></datafield><datafield ind1=' ' ind2=' ' tag='ITM'><subfield code='r'>22261956250003811</subfield><subfield code='b'>1</subfield><subfield code='h'>0</subfield><subfield code='g'>stacks</subfield><subfield code='t'>BOOK</subfield><subfield code='9'>39074025673617</subfield><subfield code='e'>stacks</subfield><subfield code='8'>23261956240003811</subfield><subfield code='a'>0</subfield><subfield code='q'>2017-06-20 07:09:42</subfield><subfield code='i'>JK2261 .A28 2010</subfield><subfield code='d'>MAIN</subfield><subfield code='f'>MAIN</subfield></datafield></record>