
<record xmlns='http://www.loc.gov/MARC21/slim'><leader>01229nam  2200325 a 4500</leader><controlfield tag='001'>991036745117203811</controlfield><controlfield tag='005'>20170814172717.0</controlfield><controlfield tag='006'>m     o  d |      </controlfield><controlfield tag='007'>cr||||||||||||</controlfield><controlfield tag='008'>090827s2010    ctu     ob    001 0 eng d</controlfield><datafield ind1=' ' ind2=' ' tag='010'><subfield code='z'>  2009033737</subfield></datafield><datafield ind1=' ' ind2=' ' tag='020'><subfield code='a'>0-300-16288-X</subfield></datafield><datafield ind1=' ' ind2=' ' tag='035'><subfield code='a'>(CKB)2550000000104971</subfield></datafield><datafield ind1=' ' ind2=' ' tag='035'><subfield code='a'>(StDuBDS)AH23050141</subfield></datafield><datafield ind1=' ' ind2=' ' tag='035'><subfield code='a'>(SSID)ssj0000720418</subfield></datafield><datafield ind1=' ' ind2=' ' tag='035'><subfield code='a'>(PQKBManifestationID)11956175</subfield></datafield><datafield ind1=' ' ind2=' ' tag='035'><subfield code='a'>(PQKBTitleCode)TC0000720418</subfield></datafield><datafield ind1=' ' ind2=' ' tag='035'><subfield code='a'>(PQKBWorkID)10661595</subfield></datafield><datafield ind1=' ' ind2=' ' tag='035'><subfield code='a'>(PQKB)11651911</subfield></datafield><datafield ind1=' ' ind2=' ' tag='035'><subfield code='a'>(MiAaPQ)EBC3420916</subfield></datafield><datafield ind1=' ' ind2=' ' tag='035'><subfield code='a'>(EXLCZ)992550000000104971</subfield></datafield><datafield ind1=' ' ind2=' ' tag='040'><subfield code='a'>MiAaPQ</subfield><subfield code='c'>MiAaPQ</subfield><subfield code='d'>MiAaPQ</subfield></datafield><datafield ind1=' ' ind2=' ' tag='041'><subfield code='a'>eng</subfield></datafield><datafield ind1=' ' ind2=' ' tag='043'><subfield code='a'>n-us---</subfield></datafield><datafield ind1=' ' ind2='4' tag='050'><subfield code='a'>JK2261</subfield><subfield code='b'>.A28 2010</subfield></datafield><datafield ind1=' ' ind2=' ' tag='082'><subfield code='a'>324.273</subfield></datafield><datafield ind1='1' ind2=' ' tag='100'><subfield code='a'>Abramowitz, Alan.</subfield></datafield><datafield ind1='1' ind2='4' tag='245'><subfield code='a'>The disappearing center</subfield><subfield code='h'>[electronic resource] :</subfield><subfield code='b'>engaged citizens, polarization, and American democracy /</subfield><subfield code='c'>Alan I. Abramowitz.</subfield></datafield><datafield ind1=' ' ind2=' ' tag='260'><subfield code='a'>New Haven :</subfield><subfield code='b'>Yale University Press,</subfield><subfield code='c'>c2010.</subfield></datafield><datafield ind1=' ' ind2=' ' tag='300'><subfield code='a'>1 online resource (224 p.)</subfield></datafield><datafield ind1=' ' ind2=' ' tag='336'><subfield code='a'>text</subfield><subfield code='b'>txt</subfield></datafield><datafield ind1=' ' ind2=' ' tag='337'><subfield code='a'>computer</subfield><subfield code='b'>c</subfield></datafield><datafield ind1=' ' ind2=' ' tag='338'><subfield code='a'>online resource</subfield><subfield code='b'>cr</subfield></datafield><datafield ind1=' ' ind2=' ' tag='533'><subfield code='a'>Electronic reproduction.</subfield><subfield code='c'>Askews and Holts.</subfield><subfield code='n'>Mode of access: World Wide Web.</subfield></datafield><datafield ind1=' ' ind2=' ' tag='500'><subfield code='a'>Bibliographic Level Mode of Issuance: Monograph</subfield></datafield><datafield ind1=' ' ind2=' ' tag='546'><subfield code='a'>English</subfield></datafield><datafield ind1=' ' ind2=' ' tag='504'><subfield code='a'>Includes bibliographical references and index.</subfield></datafield><datafield ind1=' ' ind2='0' tag='650'><subfield code='a'>Political parties</subfield><subfield code='z'>United States.</subfield></datafield><datafield ind1=' ' ind2='0' tag='650'><subfield code='a'>Party affiliation</subfield><subfield code='z'>United States.</subfield></datafield><datafield ind1=' ' ind2='0' tag='650'><subfield code='a'>Polarization (Social sciences)</subfield></datafield><datafield ind1=' ' ind2='4' tag='655'><subfield code='a'>Electronic books.</subfield></datafield><datafield ind1=' ' ind2='0' tag='651'><subfield code='a'>United States</subfield><subfield code='x'>Politics and government</subfield><subfield code='y'>2009-</subfield></datafield><datafield ind1=' ' ind2=' ' tag='776'><subfield code='z'>0-300-14162-9</subfield></datafield><datafield ind1=' ' ind2=' ' tag='906'><subfield code='a'>BOOK</subfield></datafield><datafield ind1=' ' ind2=' ' tag='999'><subfield code='p'>$29.75</subfield><subfield code='u'>04/11/2016</subfield><subfield code='5'>Poli</subfield></datafield><datafield ind1=' ' ind2=' ' tag='PRT'><subfield code='a'>53408627520003811</subfield><subfield code='b'>https://sandbox01-na.alma.exlibrisgroup.com/view/uresolver/01TULI_INST/openurl?u.ignore_date_coverage=true&amp;rft.mms_id=991036745117203811</subfield><subfield code='e'>JSTOR</subfield><subfield code='c'>JSTOR Books EBA Pilot</subfield><subfield code='h'>613810000000000259</subfield><subfield code='8'>53408627520003811</subfield></datafield><datafield ind1=' ' ind2=' ' tag='PRT'><subfield code='a'>53421597360003811</subfield><subfield code='b'>https://sandbox01-na.alma.exlibrisgroup.com/view/uresolver/01TULI_INST/openurl?u.ignore_date_coverage=true&amp;rft.mms_id=991036745117203811</subfield><subfield code='e'>Ebook Central</subfield><subfield code='c'>Ebook Central Academic Complete</subfield><subfield code='h'>614200000000000002</subfield><subfield code='8'>53421597360003811</subfield></datafield></record>