
<record xmlns='http://www.loc.gov/MARC21/slim'><leader>01411cam a2200421 i 4500</leader><controlfield tag='005'>20170825213726.0</controlfield><controlfield tag='008'>130719s2013    mdua     b    001 0 eng  </controlfield><controlfield tag='001'>991000834949703811</controlfield><datafield ind1=' ' ind2=' ' tag='010'><subfield code='a'>2013028489</subfield></datafield><datafield ind1=' ' ind2=' ' tag='020'><subfield code='a'>9780739183045 (hardcover : alk. paper)</subfield></datafield><datafield ind1=' ' ind2=' ' tag='020'><subfield code='a'>0739183044 (hardcover : alk. paper)</subfield></datafield><datafield ind1=' ' ind2=' ' tag='020'><subfield code='z'>9780739183052 (electronic : alk. paper)</subfield></datafield><datafield ind1=' ' ind2=' ' tag='035'><subfield code='a'>(PPT)b55416822-01tuli_inst</subfield></datafield><datafield ind1=' ' ind2=' ' tag='035'><subfield code='a'>(OCoLC)ocn868962423</subfield><subfield code='9'>ExL</subfield></datafield><datafield ind1=' ' ind2=' ' tag='035'><subfield code='a'>(OCoLC)844461200</subfield></datafield><datafield ind1=' ' ind2=' ' tag='035'><subfield code='a'>ocn844461200</subfield></datafield><datafield ind1=' ' ind2=' ' tag='035'><subfield code='a'>(OCLC)ocn844461200</subfield></datafield><datafield ind1=' ' ind2=' ' tag='040'><subfield code='a'>DLC</subfield><subfield code='e'>rda</subfield><subfield code='b'>eng</subfield><subfield code='c'>DLC</subfield><subfield code='d'>YDX</subfield><subfield code='d'>YDXCP</subfield><subfield code='d'>BTCTA</subfield><subfield code='d'>KSG</subfield><subfield code='d'>OCLCO</subfield><subfield code='d'>BDX</subfield><subfield code='d'>CDX</subfield></datafield><datafield ind1=' ' ind2=' ' tag='042'><subfield code='a'>pcc</subfield></datafield><datafield ind1=' ' ind2=' ' tag='043'><subfield code='a'>n-us---</subfield></datafield><datafield ind1=' ' ind2=' ' tag='079'><subfield code='a'>ocn844461200</subfield></datafield><datafield ind1=' ' ind2=' ' tag='090'><subfield code='a'>JK1161</subfield><subfield code='b'>.W35 2013</subfield></datafield><datafield ind1='1' ind2=' ' tag='100'><subfield code='a'>Wallner, James I.,</subfield><subfield code='e'>author.</subfield></datafield><datafield ind1='1' ind2='4' tag='245'><subfield code='a'>The death of deliberation :</subfield><subfield code='b'>partisanship and polarization in the United States Senate /</subfield><subfield code='c'>James I. Wallner.</subfield></datafield><datafield ind1=' ' ind2='1' tag='264'><subfield code='a'>Lanham :</subfield><subfield code='b'>Lexington Books,</subfield><subfield code='c'>[2013]</subfield></datafield><datafield ind1=' ' ind2=' ' tag='300'><subfield code='a'>xii, 147 pages ;</subfield><subfield code='c'>24 cm</subfield></datafield><datafield ind1=' ' ind2=' ' tag='336'><subfield code='a'>text</subfield><subfield code='2'>rdacontent</subfield></datafield><datafield ind1=' ' ind2=' ' tag='337'><subfield code='a'>unmediated</subfield><subfield code='2'>rdamedia</subfield></datafield><datafield ind1=' ' ind2=' ' tag='338'><subfield code='a'>volume</subfield><subfield code='2'>rdacarrier</subfield></datafield><datafield ind1=' ' ind2=' ' tag='504'><subfield code='a'>Includes bibliographical references and index.</subfield></datafield><datafield ind1='1' ind2='0' tag='610'><subfield code='a'>United States.</subfield><subfield code='b'>Congress.</subfield><subfield code='b'>Senate.</subfield></datafield><datafield ind1=' ' ind2='0' tag='650'><subfield code='a'>Political parties</subfield><subfield code='z'>United States.</subfield></datafield><datafield ind1=' ' ind2=' ' tag='902'><subfield code='a'>140131</subfield></datafield><datafield ind1=' ' ind2=' ' tag='907'><subfield code='a'>.b55416822</subfield><subfield code='b'>p    </subfield><subfield code='c'>-</subfield></datafield><datafield ind1=' ' ind2=' ' tag='945'><subfield code='l'>pstk </subfield><subfield code='g'>1</subfield></datafield><datafield ind1=' ' ind2=' ' tag='979'><subfield code='a'>ocn844461200</subfield></datafield><datafield ind1=' ' ind2=' ' tag='998'><subfield code='b'>1</subfield><subfield code='c'>140107</subfield><subfield code='d'>m</subfield><subfield code='e'>a</subfield><subfield code='f'>-</subfield><subfield code='g'>4</subfield></datafield><datafield ind1=' ' ind2=' ' tag='998'><subfield code='b'>1</subfield><subfield code='c'>140107</subfield><subfield code='d'>m</subfield><subfield code='e'>a</subfield><subfield code='f'>-</subfield><subfield code='g'>4</subfield></datafield><datafield ind1=' ' ind2=' ' tag='ADM'><subfield code='b'>2017-08-26 01:37:26</subfield><subfield code='e'>b55416822-01tuli_inst</subfield><subfield code='d'>ILS</subfield><subfield code='a'>2017-06-20 06:00:33</subfield><subfield code='c'>false</subfield></datafield><datafield ind1='0' ind2=' ' tag='HLD'><subfield code='b'>MAIN</subfield><subfield code='c'>stacks</subfield><subfield code='h'>JK1161</subfield><subfield code='i'>.W35 2013</subfield><subfield code='8'>22239378240003811</subfield></datafield><datafield ind1=' ' ind2=' ' tag='ITM'><subfield code='r'>22239378240003811</subfield><subfield code='b'>1</subfield><subfield code='h'>0</subfield><subfield code='g'>stacks</subfield><subfield code='t'>BOOK</subfield><subfield code='9'>39074026072470</subfield><subfield code='e'>stacks</subfield><subfield code='8'>23239378210003811</subfield><subfield code='a'>0</subfield><subfield code='q'>2017-06-20 06:00:33</subfield><subfield code='i'>JK1161 .W35 2013</subfield><subfield code='d'>MAIN</subfield><subfield code='f'>MAIN</subfield></datafield></record>