
<record xmlns='http://www.loc.gov/MARC21/slim'><leader>03486cam a2200421 a 4500</leader><controlfield tag='006'>m     o  d</controlfield><controlfield tag='007'>cr mn ||||||||</controlfield><controlfield tag='008'>100326s2010    cauab   ob    000 0 eng d</controlfield><controlfield tag='001'>991036385369703811</controlfield><datafield ind1=' ' ind2=' ' tag='020'><subfield code='a'>9780833049605 (pbk. : alk. paper)</subfield></datafield><datafield ind1=' ' ind2=' ' tag='020'><subfield code='a'>0833049607 (pbk. : alk. paper)</subfield></datafield><datafield ind1=' ' ind2=' ' tag='027'><subfield code='a'>RAND/OP-291-RC</subfield></datafield><datafield ind1=' ' ind2=' ' tag='035'><subfield code='a'>(PPT)b54994548-01tuli_inst</subfield></datafield><datafield ind1=' ' ind2=' ' tag='035'><subfield code='a'>(Sirsi) a593176</subfield></datafield><datafield ind1=' ' ind2=' ' tag='037'><subfield code='c'>$20.00</subfield><subfield code='f'>paperback</subfield></datafield><datafield ind1=' ' ind2=' ' tag='043'><subfield code='a'>n-us---</subfield></datafield><datafield ind1='1' ind2=' ' tag='100'><subfield code='a'>Thomson, James A.,</subfield><subfield code='d'>1945-</subfield></datafield><datafield ind1='1' ind2='2' tag='245'><subfield code='a'>A house divided[electronic resource] :</subfield><subfield code='b'>polarization and its effect on RAND /</subfield><subfield code='c'>James A. Thomson.</subfield></datafield><datafield ind1=' ' ind2=' ' tag='260'><subfield code='a'>Santa Monica, CA :</subfield><subfield code='b'>RAND,</subfield><subfield code='c'>2010.</subfield></datafield><datafield ind1=' ' ind2=' ' tag='300'><subfield code='a'>1online resource</subfield></datafield><datafield ind1=' ' ind2=' ' tag='500'><subfield code='a'>&quot;RAND Investment in People and Ideas.&quot;</subfield></datafield><datafield ind1=' ' ind2=' ' tag='504'><subfield code='a'>Includes bibliographical references (p. 23).</subfield></datafield><datafield ind1='0' ind2=' ' tag='505'><subfield code='a'>Federalists&apos; belief in deliberation -- Party preference of American voters -- Ideological classification of voters in 2004 -- The DW-Nominate measure -- Nominate versus district characteristics, 1973 -- Nominate versus district characteristics, 2003 -- Polarization in 90th, 100th, and 110th Congresses -- Party polarization, 1879-2007 -- Polarization&apos;s effect on public policy -- Growth of constituency characteristics -- 1976 U.S. election by county -- 2008 U.S. election by county -- U.S. election victory margins in landslide counties, 1948-2004 -- Standard deviation of Republican presidential vote, 1948-2004 -- Dealing with controversy.</subfield></datafield><datafield ind1=' ' ind2=' ' tag='520'><subfield code='a'>The American political climate has become increasingly polarized since the 1970s. Analysis by Keith Poole and Howard Rosenthal shows that voting patterns within Congress have become increasingly divided along party lines, with fewer and fewer moderates. A major cause of polarization appears to be the geographic sorting of voters: Communities and regions of the country have become more politically and ideologically homogeneous, resulting in constituencies in congressional districts and in states that are more strongly conservative or liberal. Whatever its causes, the effects of increased polarization on political discourse and policymaking are clear: There is less room for deliberation between the two parties, and public policy decisionmaking is increasingly driven more by ideology than by objective analysis of which policies, programs, practices, and processes will produce the desired outcomes at the lowest cost. The mission of the RAND Corporation is to provide just this sort of objective analysis, and today&apos;s heated political environment presents a serious challenge to this mission. To help make sure that RAND&apos;s objective, nonpartisan research influences the policy debate, RAND must work to identify potentially controversial findings and take steps to ensure that they are not misinterpreted or distorted.</subfield></datafield><datafield ind1=' ' ind2=' ' tag='588'><subfield code='a'>Description based on print version record.</subfield></datafield><datafield ind1='2' ind2='0' tag='610'><subfield code='a'>Rand Corporation.</subfield></datafield><datafield ind1=' ' ind2='0' tag='650'><subfield code='a'>Policy sciences</subfield><subfield code='x'>Research</subfield><subfield code='z'>United States</subfield><subfield code='x'>Methodology.</subfield></datafield><datafield ind1=' ' ind2='0' tag='650'><subfield code='a'>Research institutes</subfield><subfield code='x'>Political aspects</subfield><subfield code='z'>United States.</subfield></datafield><datafield ind1=' ' ind2='0' tag='650'><subfield code='a'>Polarization (Social sciences)</subfield><subfield code='z'>United States.</subfield></datafield><datafield ind1=' ' ind2='0' tag='650'><subfield code='a'>Political parties</subfield><subfield code='z'>United States.</subfield></datafield><datafield ind1=' ' ind2='0' tag='650'><subfield code='a'>Party affiliation</subfield><subfield code='z'>United States.</subfield></datafield><datafield ind1=' ' ind2='0' tag='651'><subfield code='a'>United States</subfield><subfield code='x'>Politics and government.</subfield></datafield><datafield ind1=' ' ind2='0' tag='655'><subfield code='a'>Electronic books.</subfield></datafield><datafield ind1='2' ind2=' ' tag='710'><subfield code='a'>Rand Corporation.</subfield></datafield><datafield ind1='4' ind2='0' tag='856'><subfield code='z'>Access full text online.</subfield><subfield code='u'>http://www.rand.org/pubs/occasional_papers/OP291/</subfield></datafield><datafield ind1=' ' ind2=' ' tag='907'><subfield code='a'>.b54994548</subfield><subfield code='b'>w    </subfield><subfield code='c'>-</subfield></datafield><datafield ind1=' ' ind2=' ' tag='902'><subfield code='a'>130919</subfield></datafield><datafield ind1=' ' ind2=' ' tag='998'><subfield code='b'>1</subfield><subfield code='c'>130921</subfield><subfield code='d'>m</subfield><subfield code='e'>@</subfield><subfield code='f'>-</subfield><subfield code='g'>2</subfield></datafield><datafield ind1=' ' ind2=' ' tag='902'><subfield code='a'>RAND Publications 2013-09-19</subfield></datafield><datafield ind1=' ' ind2=' ' tag='945'><subfield code='l'>w    </subfield><subfield code='g'>1</subfield></datafield><datafield ind1=' ' ind2=' ' tag='ADM'><subfield code='b'>2017-07-07 07:41:19</subfield><subfield code='e'>b54994548-01tuli_inst</subfield><subfield code='d'>ILS</subfield><subfield code='a'>2017-06-20 06:44:24</subfield><subfield code='c'>false</subfield></datafield><datafield ind1=' ' ind2=' ' tag='PRT'><subfield code='a'>53380829190003811</subfield><subfield code='b'>https://sandbox01-na.alma.exlibrisgroup.com/view/uresolver/01TULI_INST/openurl?u.ignore_date_coverage=true&amp;rft.mms_id=991036385369703811</subfield><subfield code='f'>Access full text online.</subfield><subfield code='9'>Available</subfield><subfield code='d'>MAIN</subfield><subfield code='c'>Rand Publications</subfield><subfield code='8'>53380829190003811</subfield></datafield></record>