
<record xmlns='http://www.loc.gov/MARC21/slim'><leader>01979cam a2200529 i 4500</leader><controlfield tag='005'>20170825184012.0</controlfield><controlfield tag='008'>150813t20162016enk      b    001 0 eng  </controlfield><controlfield tag='001'>991023052379703811</controlfield><datafield ind1=' ' ind2=' ' tag='010'><subfield code='a'>2015030522</subfield></datafield><datafield ind1=' ' ind2=' ' tag='020'><subfield code='a'>9780745698687</subfield><subfield code='q'>(hardback)</subfield></datafield><datafield ind1=' ' ind2=' ' tag='020'><subfield code='a'>0745698689</subfield><subfield code='q'>(hardback)</subfield></datafield><datafield ind1=' ' ind2=' ' tag='020'><subfield code='a'>9780745698694</subfield><subfield code='q'>(pbk.)</subfield></datafield><datafield ind1=' ' ind2=' ' tag='020'><subfield code='a'>0745698697</subfield><subfield code='q'>(pbk.)</subfield></datafield><datafield ind1=' ' ind2=' ' tag='035'><subfield code='a'>(PPT)b61510415-01tuli_inst</subfield></datafield><datafield ind1=' ' ind2=' ' tag='035'><subfield code='a'>(OCoLC)918616437</subfield></datafield><datafield ind1=' ' ind2=' ' tag='035'><subfield code='a'>ocn918616437</subfield></datafield><datafield ind1=' ' ind2=' ' tag='035'><subfield code='a'>(OCLC)ocn918616437</subfield></datafield><datafield ind1=' ' ind2=' ' tag='040'><subfield code='a'>DLC</subfield><subfield code='b'>eng</subfield><subfield code='e'>rda</subfield><subfield code='c'>STF</subfield><subfield code='d'>DLC</subfield><subfield code='d'>BDX</subfield><subfield code='d'>YDXCP</subfield><subfield code='d'>BTCTA</subfield><subfield code='d'>OCLCF</subfield><subfield code='d'>EUW</subfield><subfield code='d'>CDX</subfield><subfield code='d'>VP@</subfield></datafield><datafield ind1=' ' ind2=' ' tag='042'><subfield code='a'>pcc</subfield></datafield><datafield ind1=' ' ind2=' ' tag='079'><subfield code='a'>ocn918616437</subfield></datafield><datafield ind1=' ' ind2=' ' tag='090'><subfield code='a'>HQ76.5</subfield><subfield code='b'>.A39 2016</subfield></datafield><datafield ind1='1' ind2=' ' tag='100'><subfield code='a'>Altman, Dennis,</subfield><subfield code='d'>1943-</subfield><subfield code='e'>author.</subfield></datafield><datafield ind1='1' ind2='0' tag='245'><subfield code='a'>Queer wars :</subfield><subfield code='b'>the new global polarization over gay rights /</subfield><subfield code='c'>Dennis Altman and Jonathan Symons.</subfield></datafield><datafield ind1=' ' ind2='1' tag='264'><subfield code='a'>Cambridge, UK ;</subfield><subfield code='a'>Malden, MA, USA :</subfield><subfield code='b'>Polity Press,</subfield><subfield code='c'>2016.</subfield></datafield><datafield ind1=' ' ind2='4' tag='264'><subfield code='c'>©2016</subfield></datafield><datafield ind1=' ' ind2=' ' tag='300'><subfield code='a'>viii, 178 pages ;</subfield><subfield code='c'>20 cm</subfield></datafield><datafield ind1=' ' ind2=' ' tag='336'><subfield code='a'>text</subfield><subfield code='b'>txt</subfield><subfield code='2'>rdacontent</subfield></datafield><datafield ind1=' ' ind2=' ' tag='337'><subfield code='a'>unmediated</subfield><subfield code='b'>n</subfield><subfield code='2'>rdamedia</subfield></datafield><datafield ind1=' ' ind2=' ' tag='338'><subfield code='a'>volume</subfield><subfield code='b'>nc</subfield><subfield code='2'>rdacarrier</subfield></datafield><datafield ind1=' ' ind2=' ' tag='504'><subfield code='a'>Includes bibliographical references and index.</subfield></datafield><datafield ind1='0' ind2=' ' tag='505'><subfield code='a'>Introduction: Queer wars: how should we respond to global polarization over gay rights? -- Setting the agenda -- The emergence of a global movement -- Queer rights as human rights -- The conservative backlash -- International polarization -- What is to be done?</subfield></datafield><datafield ind1=' ' ind2='0' tag='650'><subfield code='a'>Gay rights.</subfield></datafield><datafield ind1=' ' ind2='0' tag='650'><subfield code='a'>Gays</subfield><subfield code='x'>Political activity.</subfield></datafield><datafield ind1=' ' ind2='0' tag='650'><subfield code='a'>Human rights.</subfield></datafield><datafield ind1=' ' ind2='0' tag='650'><subfield code='a'>Homophobia.</subfield></datafield><datafield ind1=' ' ind2='0' tag='650'><subfield code='a'>Prejudices.</subfield></datafield><datafield ind1=' ' ind2='7' tag='650'><subfield code='a'>Gay rights.</subfield><subfield code='2'>fast</subfield><subfield code='0'>(OCoLC)fst00939213</subfield></datafield><datafield ind1=' ' ind2='7' tag='650'><subfield code='a'>Gays</subfield><subfield code='x'>Political activity.</subfield><subfield code='2'>fast</subfield><subfield code='0'>(OCoLC)fst00939292</subfield></datafield><datafield ind1=' ' ind2='7' tag='650'><subfield code='a'>Human rights.</subfield><subfield code='2'>fast</subfield><subfield code='0'>(OCoLC)fst00963285</subfield></datafield><datafield ind1='1' ind2=' ' tag='700'><subfield code='a'>Symons, Jonathan,</subfield><subfield code='d'>1976-</subfield><subfield code='e'>author.</subfield></datafield><datafield ind1=' ' ind2=' ' tag='902'><subfield code='a'>160914</subfield></datafield><datafield ind1=' ' ind2=' ' tag='907'><subfield code='a'>.b61510415</subfield><subfield code='b'>multi</subfield><subfield code='c'>-</subfield></datafield><datafield ind1=' ' ind2=' ' tag='945'><subfield code='l'>jtcas</subfield><subfield code='g'>1</subfield></datafield><datafield ind1=' ' ind2=' ' tag='945'><subfield code='l'>pstk </subfield><subfield code='g'>1</subfield></datafield><datafield ind1=' ' ind2=' ' tag='979'><subfield code='a'>ocn918616437</subfield></datafield><datafield ind1=' ' ind2=' ' tag='998'><subfield code='b'>3</subfield><subfield code='c'>160525</subfield><subfield code='d'>m</subfield><subfield code='e'>a</subfield><subfield code='f'>-</subfield><subfield code='g'>0</subfield></datafield><datafield ind1=' ' ind2=' ' tag='998'><subfield code='b'>1</subfield><subfield code='c'>160525</subfield><subfield code='d'>m</subfield><subfield code='e'>a</subfield><subfield code='f'>-</subfield><subfield code='g'>0</subfield></datafield><datafield ind1=' ' ind2=' ' tag='ADM'><subfield code='b'>2018-03-15 23:29:08</subfield><subfield code='e'>b61510415-01tuli_inst</subfield><subfield code='d'>ILS</subfield><subfield code='a'>2017-06-20 11:36:53</subfield><subfield code='c'>false</subfield></datafield><datafield ind1='0' ind2=' ' tag='HLD'><subfield code='b'>JAPAN</subfield><subfield code='c'>stacks</subfield><subfield code='h'>HQ76.5</subfield><subfield code='i'>.A39 2016</subfield><subfield code='8'>22312511720003811</subfield></datafield><datafield ind1='0' ind2=' ' tag='HLD'><subfield code='b'>MAIN</subfield><subfield code='c'>stacks</subfield><subfield code='h'>HQ76.5</subfield><subfield code='i'>.A39 2016</subfield><subfield code='8'>22312511740003811</subfield></datafield><datafield ind1=' ' ind2=' ' tag='ITM'><subfield code='r'>22312511720003811</subfield><subfield code='b'>1</subfield><subfield code='h'>0</subfield><subfield code='g'>stacks</subfield><subfield code='t'>BOOK</subfield><subfield code='9'>31982070476280</subfield><subfield code='e'>stacks</subfield><subfield code='8'>23312511710003811</subfield><subfield code='a'>0</subfield><subfield code='q'>2017-06-20 11:36:53</subfield><subfield code='i'>HQ76.5 .A39 2016</subfield><subfield code='d'>JAPAN</subfield><subfield code='f'>JAPAN</subfield></datafield><datafield ind1=' ' ind2=' ' tag='ITM'><subfield code='r'>22312511740003811</subfield><subfield code='b'>0</subfield><subfield code='u'>LOAN</subfield><subfield code='h'>0</subfield><subfield code='g'>stacks</subfield><subfield code='t'>BOOK</subfield><subfield code='9'>39074030104293</subfield><subfield code='e'>stacks</subfield><subfield code='8'>23312511730003811</subfield><subfield code='a'>0</subfield><subfield code='q'>2017-06-20 11:36:53</subfield><subfield code='i'>HQ76.5 .A39 2016</subfield><subfield code='d'>MAIN</subfield><subfield code='f'>MAIN</subfield></datafield></record>