
<record xmlns='http://www.loc.gov/MARC21/slim'><leader>02185pam a2200553 a 4500</leader><controlfield tag='005'>20170825233149.0</controlfield><controlfield tag='008'>020314s2003    couab    b    001 0 eng  </controlfield><controlfield tag='001'>991032971389703811</controlfield><datafield ind1=' ' ind2=' ' tag='010'><subfield code='a'>2002003739</subfield></datafield><datafield ind1=' ' ind2=' ' tag='020'><subfield code='a'>0813398436 (pbk. : alk. paper)</subfield></datafield><datafield ind1=' ' ind2=' ' tag='020'><subfield code='a'>0813340284 (hbk. : alk. paper)</subfield></datafield><datafield ind1=' ' ind2=' ' tag='035'><subfield code='a'>(PPT)b25959645-01tuli_inst</subfield></datafield><datafield ind1=' ' ind2=' ' tag='035'><subfield code='a'>(DLC)ocn489439591</subfield><subfield code='9'>ExL</subfield></datafield><datafield ind1=' ' ind2=' ' tag='035'><subfield code='a'>DLC  2002003739</subfield></datafield><datafield ind1=' ' ind2=' ' tag='035'><subfield code='a'>ocm49332442</subfield></datafield><datafield ind1=' ' ind2=' ' tag='035'><subfield code='a'>(OCLC)ocm49332442</subfield></datafield><datafield ind1=' ' ind2=' ' tag='040'><subfield code='a'>DLC</subfield><subfield code='c'>DLC</subfield><subfield code='d'>OrLoB</subfield></datafield><datafield ind1=' ' ind2=' ' tag='042'><subfield code='a'>pcc</subfield></datafield><datafield ind1=' ' ind2=' ' tag='043'><subfield code='a'>n-us---</subfield></datafield><datafield ind1=' ' ind2=' ' tag='079'><subfield code='a'>ocm49332442</subfield></datafield><datafield ind1=' ' ind2=' ' tag='090'><subfield code='a'>JK1319</subfield><subfield code='b'>.S76 2003</subfield></datafield><datafield ind1='1' ind2=' ' tag='100'><subfield code='a'>Stonecash, Jeffrey M.</subfield></datafield><datafield ind1='1' ind2='0' tag='245'><subfield code='a'>Diverging parties :</subfield><subfield code='b'>social change, realignment, and party polarization /</subfield><subfield code='c'>Jeffrey M. Stonecash, Mark D. Brewer, Mack D. Mariani.</subfield></datafield><datafield ind1=' ' ind2=' ' tag='260'><subfield code='a'>Boulder, Colo. ;</subfield><subfield code='a'>Oxford :</subfield><subfield code='b'>Westview Press,</subfield><subfield code='c'>2003.</subfield></datafield><datafield ind1=' ' ind2=' ' tag='300'><subfield code='a'>xv, 190 p. :</subfield><subfield code='b'>ill., maps ;</subfield><subfield code='c'>24 cm.</subfield></datafield><datafield ind1=' ' ind2='0' tag='440'><subfield code='a'>Transforming American politics.</subfield></datafield><datafield ind1=' ' ind2=' ' tag='504'><subfield code='a'>Includes bibliographical references (p. 165-182) and index.</subfield></datafield><datafield ind1='0' ind2=' ' tag='505'><subfield code='a'>The reemergence of party polarization -- Explaining increasing conflict -- The origins of increased party polarization -- Social change and political implications -- Social change, realignment, and party polarization -- Constituencies and party conflict -- Interpreting House elections : the limits of the candidate-centered framework.</subfield></datafield><datafield ind1='1' ind2='0' tag='610'><subfield code='a'>United States.</subfield><subfield code='b'>Congress.</subfield><subfield code='b'>House.</subfield></datafield><datafield ind1=' ' ind2='0' tag='650'><subfield code='a'>Polarization (Social sciences)</subfield></datafield><datafield ind1=' ' ind2='0' tag='650'><subfield code='a'>Legislators</subfield><subfield code='z'>United States.</subfield></datafield><datafield ind1=' ' ind2='0' tag='650'><subfield code='a'>Political parties</subfield><subfield code='z'>United States.</subfield></datafield><datafield ind1=' ' ind2='0' tag='650'><subfield code='a'>Representative government and representation</subfield><subfield code='z'>United States.</subfield></datafield><datafield ind1=' ' ind2='0' tag='651'><subfield code='a'>United States</subfield><subfield code='x'>Politics and government</subfield><subfield code='y'>1989-</subfield></datafield><datafield ind1=' ' ind2='0' tag='651'><subfield code='a'>United States</subfield><subfield code='x'>Politics and government</subfield><subfield code='y'>1945-1989.</subfield></datafield><datafield ind1='1' ind2=' ' tag='700'><subfield code='a'>Brewer, Mark D.</subfield></datafield><datafield ind1='1' ind2=' ' tag='700'><subfield code='a'>Mariani, Mack D.</subfield></datafield><datafield ind1=' ' ind2=' ' tag='901'><subfield code='a'>BNA</subfield></datafield><datafield ind1=' ' ind2=' ' tag='901'><subfield code='a'>R2322005</subfield></datafield><datafield ind1=' ' ind2=' ' tag='902'><subfield code='a'>110808</subfield></datafield><datafield ind1=' ' ind2=' ' tag='902'><subfield code='a'>020831AB0701</subfield></datafield><datafield ind1='0' ind2='0' tag='905'><subfield code='a'>Transforming American politics.  (Paper ed.)</subfield></datafield><datafield ind1=' ' ind2=' ' tag='907'><subfield code='a'>.b25959645</subfield><subfield code='b'>multi</subfield><subfield code='c'>-</subfield></datafield><datafield ind1=' ' ind2=' ' tag='915'><subfield code='a'>60774</subfield></datafield><datafield ind1=' ' ind2=' ' tag='945'><subfield code='l'>jtcas</subfield><subfield code='g'>1</subfield></datafield><datafield ind1=' ' ind2=' ' tag='945'><subfield code='l'>pstk </subfield><subfield code='g'>1</subfield></datafield><datafield ind1=' ' ind2=' ' tag='979'><subfield code='a'>ocm49332442</subfield></datafield><datafield ind1=' ' ind2=' ' tag='998'><subfield code='b'>3</subfield><subfield code='c'>020909</subfield><subfield code='d'>m</subfield><subfield code='e'>a</subfield><subfield code='f'>-</subfield><subfield code='g'>0</subfield></datafield><datafield ind1=' ' ind2=' ' tag='998'><subfield code='b'>1</subfield><subfield code='c'>020909</subfield><subfield code='d'>m</subfield><subfield code='e'>a</subfield><subfield code='f'>-</subfield><subfield code='g'>0</subfield></datafield><datafield ind1=' ' ind2=' ' tag='ADM'><subfield code='b'>2017-08-26 03:31:49</subfield><subfield code='e'>b25959645-01tuli_inst</subfield><subfield code='d'>ILS</subfield><subfield code='a'>2017-06-20 07:10:56</subfield><subfield code='c'>false</subfield></datafield><datafield ind1='0' ind2=' ' tag='HLD'><subfield code='b'>MAIN</subfield><subfield code='c'>stacks</subfield><subfield code='h'>JK1319</subfield><subfield code='i'>.S76 2003</subfield><subfield code='8'>22262313440003811</subfield></datafield><datafield ind1='0' ind2=' ' tag='HLD'><subfield code='b'>JAPAN</subfield><subfield code='c'>stacks</subfield><subfield code='h'>JK1319</subfield><subfield code='i'>.S76 2003</subfield><subfield code='8'>22262313460003811</subfield></datafield><datafield ind1=' ' ind2=' ' tag='ITM'><subfield code='r'>22262313440003811</subfield><subfield code='b'>1</subfield><subfield code='h'>0</subfield><subfield code='g'>stacks</subfield><subfield code='t'>BOOK</subfield><subfield code='9'>39074015309115</subfield><subfield code='e'>stacks</subfield><subfield code='8'>23262313410003811</subfield><subfield code='a'>0</subfield><subfield code='q'>2017-06-20 07:10:56</subfield><subfield code='i'>JK1319 .S76 2003</subfield><subfield code='d'>MAIN</subfield><subfield code='f'>MAIN</subfield></datafield><datafield ind1=' ' ind2=' ' tag='ITM'><subfield code='r'>22262313460003811</subfield><subfield code='b'>1</subfield><subfield code='h'>0</subfield><subfield code='g'>stacks</subfield><subfield code='t'>BOOK</subfield><subfield code='9'>31982070413812</subfield><subfield code='e'>stacks</subfield><subfield code='8'>23262313450003811</subfield><subfield code='a'>0</subfield><subfield code='q'>2017-06-20 07:10:56</subfield><subfield code='i'>JK1319 .S76 2003</subfield><subfield code='d'>JAPAN</subfield><subfield code='f'>JAPAN</subfield></datafield></record>