
<record xmlns='http://www.loc.gov/MARC21/slim'><leader>02501cam a2200493 a 4500</leader><controlfield tag='005'>20170826033115.0</controlfield><controlfield tag='008'>100223s2010    cauab    b    000 0 eng  </controlfield><controlfield tag='001'>991002398879703811</controlfield><datafield ind1=' ' ind2=' ' tag='010'><subfield code='a'>2010007837</subfield></datafield><datafield ind1=' ' ind2=' ' tag='020'><subfield code='a'>9780833049605 (pbk. : alk. paper)</subfield></datafield><datafield ind1=' ' ind2=' ' tag='020'><subfield code='a'>0833049607 (pbk. : alk. paper)</subfield></datafield><datafield ind1=' ' ind2=' ' tag='035'><subfield code='a'>(PPT)b43132121-01tuli_inst</subfield></datafield><datafield ind1=' ' ind2=' ' tag='035'><subfield code='a'>(OCoLC)ocn678896412</subfield><subfield code='9'>ExL</subfield></datafield><datafield ind1=' ' ind2=' ' tag='035'><subfield code='a'>(OCoLC)537652538</subfield></datafield><datafield ind1=' ' ind2=' ' tag='035'><subfield code='a'>ocn537652538</subfield></datafield><datafield ind1=' ' ind2=' ' tag='035'><subfield code='a'>(OCLC)ocn537652538</subfield></datafield><datafield ind1=' ' ind2=' ' tag='040'><subfield code='a'>DLC</subfield><subfield code='c'>DLC</subfield><subfield code='d'>YDX</subfield><subfield code='d'>YDXCP</subfield><subfield code='d'>CZL</subfield><subfield code='d'>IXA</subfield></datafield><datafield ind1=' ' ind2=' ' tag='043'><subfield code='a'>n-us---</subfield></datafield><datafield ind1=' ' ind2=' ' tag='079'><subfield code='a'>ocn537652538</subfield></datafield><datafield ind1=' ' ind2=' ' tag='090'><subfield code='a'>JK1967</subfield><subfield code='b'>.T55 2010</subfield></datafield><datafield ind1='1' ind2=' ' tag='100'><subfield code='a'>Thomson, James A.,</subfield><subfield code='d'>1945-</subfield></datafield><datafield ind1='1' ind2='2' tag='245'><subfield code='a'>A house divided :</subfield><subfield code='b'>polarization and its effect on RAND /</subfield><subfield code='c'>James A. Thomson.</subfield></datafield><datafield ind1=' ' ind2=' ' tag='260'><subfield code='a'>Santa Monica, CA :</subfield><subfield code='b'>RAND,</subfield><subfield code='c'>2010.</subfield></datafield><datafield ind1=' ' ind2=' ' tag='300'><subfield code='a'>ix, 23 p. :</subfield><subfield code='b'>ill. (some col.), maps ;</subfield><subfield code='c'>28 cm.</subfield></datafield><datafield ind1='1' ind2=' ' tag='490'><subfield code='a'>Occasional paper ;</subfield><subfield code='v'>OP-291-RC</subfield></datafield><datafield ind1=' ' ind2=' ' tag='504'><subfield code='a'>Includes bibliographical references.</subfield></datafield><datafield ind1='0' ind2=' ' tag='505'><subfield code='a'>Federalists&apos; belief in deliberation -- Party preference of American voters -- Ideological classification of voters in 2004 -- The DW-Nominate measure -- Nominate versus district characteristics, 1973 -- Nominate versus district characteristics, 2003 -- Polarization in 90th, 100th, and 110th Congresses -- Party polarization, 1879-2007 -- Polarization&apos;s effect on public policy -- Growth of constituency characteristics -- 1976 U.S. election by county -- 2008 U.S. election by county -- U.S. election victory margins in landslide counties, 1948-2004 -- Standard deviation of Republican presidential vote, 1948-2004 -- Dealing with controversy.</subfield></datafield><datafield ind1=' ' ind2='0' tag='650'><subfield code='a'>Voting</subfield><subfield code='z'>United States</subfield><subfield code='x'>History</subfield><subfield code='y'>20th century.</subfield></datafield><datafield ind1=' ' ind2='0' tag='650'><subfield code='a'>Voting</subfield><subfield code='z'>United States</subfield><subfield code='x'>History</subfield><subfield code='y'>21st century.</subfield></datafield><datafield ind1=' ' ind2='0' tag='650'><subfield code='a'>Elections</subfield><subfield code='z'>United States</subfield><subfield code='x'>History</subfield><subfield code='y'>20th century.</subfield></datafield><datafield ind1=' ' ind2='0' tag='650'><subfield code='a'>Elections</subfield><subfield code='z'>United States</subfield><subfield code='x'>History</subfield><subfield code='y'>21st century.</subfield></datafield><datafield ind1=' ' ind2='0' tag='650'><subfield code='a'>Party affiliation</subfield><subfield code='z'>United States</subfield><subfield code='x'>History</subfield><subfield code='y'>20th century.</subfield></datafield><datafield ind1=' ' ind2='0' tag='650'><subfield code='a'>Party affiliation</subfield><subfield code='z'>United States</subfield><subfield code='x'>History</subfield><subfield code='y'>21st century.</subfield></datafield><datafield ind1=' ' ind2='0' tag='650'><subfield code='a'>Polarization (Social sciences)</subfield><subfield code='z'>United States</subfield><subfield code='x'>History</subfield><subfield code='y'>20th century.</subfield></datafield><datafield ind1=' ' ind2='0' tag='650'><subfield code='a'>Polarization (Social sciences)</subfield><subfield code='z'>United States</subfield><subfield code='x'>History</subfield><subfield code='y'>21st century.</subfield></datafield><datafield ind1='2' ind2='0' tag='610'><subfield code='a'>Rand Corporation.</subfield></datafield><datafield ind1=' ' ind2='0' tag='651'><subfield code='a'>United States</subfield><subfield code='x'>Politics and government</subfield><subfield code='y'>1989-</subfield></datafield><datafield ind1=' ' ind2='0' tag='830'><subfield code='a'>Occasional paper (Rand Corporation) ;</subfield><subfield code='v'>OP-291-RC.</subfield></datafield><datafield ind1=' ' ind2=' ' tag='902'><subfield code='a'>101109</subfield></datafield><datafield ind1=' ' ind2=' ' tag='907'><subfield code='a'>.b43132121</subfield><subfield code='b'>p    </subfield><subfield code='c'>-</subfield></datafield><datafield ind1=' ' ind2=' ' tag='945'><subfield code='l'>pstk </subfield><subfield code='g'>1</subfield></datafield><datafield ind1=' ' ind2=' ' tag='979'><subfield code='a'>ocn537652538</subfield></datafield><datafield ind1=' ' ind2=' ' tag='998'><subfield code='b'>0</subfield><subfield code='c'>100527</subfield><subfield code='d'>m</subfield><subfield code='e'>a</subfield><subfield code='f'>-</subfield><subfield code='g'>2</subfield></datafield><datafield ind1=' ' ind2=' ' tag='998'><subfield code='a'>05/27/10</subfield><subfield code='s'>LC</subfield><subfield code='c'>YL</subfield></datafield><datafield ind1=' ' ind2=' ' tag='ADM'><subfield code='b'>2017-08-26 07:31:15</subfield><subfield code='e'>b43132121-01tuli_inst</subfield><subfield code='d'>ILS</subfield><subfield code='a'>2017-06-20 08:20:41</subfield><subfield code='c'>false</subfield></datafield><datafield ind1='0' ind2=' ' tag='HLD'><subfield code='b'>MAIN</subfield><subfield code='c'>stacks</subfield><subfield code='h'>JK1967</subfield><subfield code='i'>.T55 2010</subfield><subfield code='8'>22280767180003811</subfield></datafield><datafield ind1=' ' ind2=' ' tag='ITM'><subfield code='r'>22280767180003811</subfield><subfield code='b'>1</subfield><subfield code='h'>0</subfield><subfield code='g'>stacks</subfield><subfield code='t'>BOOK</subfield><subfield code='9'>39074025176363</subfield><subfield code='e'>stacks</subfield><subfield code='8'>23280767170003811</subfield><subfield code='a'>0</subfield><subfield code='q'>2017-06-20 08:20:41</subfield><subfield code='i'>JK1967 .T55 2010</subfield><subfield code='d'>MAIN</subfield><subfield code='f'>MAIN</subfield></datafield></record>