
<record xmlns='http://www.loc.gov/MARC21/slim'><leader>01653nam a2200337 a 4500</leader><controlfield tag='005'>20180322145209.0</controlfield><controlfield tag='008'>100401s2010    enkab    b    001 0 eng  </controlfield><controlfield tag='001'>991001396789703811</controlfield><datafield ind1=' ' ind2=' ' tag='010'><subfield code='a'>2009048788</subfield></datafield><datafield ind1=' ' ind2=' ' tag='020'><subfield code='a'>9780195372175 (hardback : alk. paper)</subfield></datafield><datafield ind1=' ' ind2=' ' tag='020'><subfield code='a'>0195372174 (hardback : alk. paper)</subfield></datafield><datafield ind1=' ' ind2=' ' tag='035'><subfield code='a'>(PPT)b42692477-01tuli_inst</subfield></datafield><datafield ind1=' ' ind2=' ' tag='035'><subfield code='a'>(OCoLC)591073244</subfield></datafield><datafield ind1=' ' ind2=' ' tag='040'><subfield code='a'>DLC</subfield><subfield code='c'>TULAW</subfield><subfield code='d'>BTCTA</subfield><subfield code='d'>UKM</subfield><subfield code='d'>YDXCP</subfield><subfield code='d'>C#P</subfield><subfield code='d'>BWX</subfield><subfield code='d'>CDX</subfield><subfield code='d'>NLA</subfield><subfield code='d'>MOF</subfield></datafield><datafield ind1=' ' ind2=' ' tag='043'><subfield code='a'>n-us---</subfield></datafield><datafield ind1=' ' ind2=' ' tag='049'><subfield code='a'>TULA</subfield></datafield><datafield ind1=' ' ind2=' ' tag='090'><subfield code='a'>KF505</subfield><subfield code='b'>.C34 2010</subfield></datafield><datafield ind1='1' ind2=' ' tag='100'><subfield code='a'>Cahn, Naomi R.</subfield></datafield><datafield ind1='1' ind2='0' tag='245'><subfield code='a'>Red families v. blue families :</subfield><subfield code='b'>legal polarization and the creation of culture /</subfield><subfield code='c'>Naomi Cahn and June Carbone.</subfield></datafield><datafield ind1='3' ind2=' ' tag='246'><subfield code='a'>Red families versus blue families</subfield></datafield><datafield ind1=' ' ind2=' ' tag='260'><subfield code='a'>Oxford ;</subfield><subfield code='a'>New York :</subfield><subfield code='b'>Oxford University Press,</subfield><subfield code='c'>2010.</subfield></datafield><datafield ind1=' ' ind2=' ' tag='300'><subfield code='a'>288 p. :</subfield><subfield code='b'>ill., map ;</subfield><subfield code='c'>25 cm.</subfield></datafield><datafield ind1=' ' ind2=' ' tag='504'><subfield code='a'>Includes bibliographical references and index.</subfield></datafield><datafield ind1='0' ind2=' ' tag='505'><subfield code='a'>Moral demography -- Sexual history -- The age of division -- Personality, politics, and religion -- Contraception: securing the pathways to blue family life -- Abortion and the cognitive map -- The irrationality of adolescence: what the adults are really fighting over -- The marrying laws -- Custody and compromise -- Marriage advice in shades of pink -- Making ready for baby: painting the nursery sky blue -- Work and family : retooling the foundation in deep purple.</subfield></datafield><datafield ind1=' ' ind2='0' tag='650'><subfield code='a'>Domestic relations</subfield><subfield code='x'>Social aspects</subfield><subfield code='z'>United States.</subfield></datafield><datafield ind1=' ' ind2='0' tag='650'><subfield code='a'>Social change</subfield><subfield code='z'>United States.</subfield></datafield><datafield ind1='1' ind2=' ' tag='700'><subfield code='a'>Carbone, June.</subfield></datafield><datafield ind1=' ' ind2=' ' tag='907'><subfield code='a'>.b42692477</subfield><subfield code='b'>l    </subfield><subfield code='c'>-</subfield></datafield><datafield ind1=' ' ind2=' ' tag='945'><subfield code='l'>lstk </subfield><subfield code='g'>1</subfield></datafield><datafield ind1=' ' ind2=' ' tag='998'><subfield code='b'>1</subfield><subfield code='c'>100401</subfield><subfield code='d'>m</subfield><subfield code='e'>a</subfield><subfield code='f'>-</subfield><subfield code='g'>0</subfield></datafield><datafield ind1=' ' ind2=' ' tag='998'><subfield code='b'>1</subfield><subfield code='c'>100401</subfield><subfield code='d'>m</subfield><subfield code='e'>a</subfield><subfield code='f'>-</subfield><subfield code='g'>0</subfield></datafield><datafield ind1=' ' ind2=' ' tag='ADM'><subfield code='b'>2018-03-22 18:52:09</subfield><subfield code='e'>b42692477-01tuli_inst</subfield><subfield code='d'>ILS</subfield><subfield code='a'>2017-06-20 08:40:10</subfield><subfield code='c'>false</subfield></datafield><datafield ind1='0' ind2=' ' tag='HLD'><subfield code='b'>LAW</subfield><subfield code='c'>closestack</subfield><subfield code='h'>KF505</subfield><subfield code='i'>.C34 2010</subfield><subfield code='8'>22285063500003811</subfield></datafield><datafield ind1=' ' ind2=' ' tag='ITM'><subfield code='r'>22285063500003811</subfield><subfield code='b'>1</subfield><subfield code='h'>0</subfield><subfield code='g'>closestack</subfield><subfield code='t'>BOOK</subfield><subfield code='9'>39074804591675</subfield><subfield code='e'>closestack</subfield><subfield code='8'>23285063490003811</subfield><subfield code='a'>0</subfield><subfield code='q'>2017-06-20 08:40:10</subfield><subfield code='i'>KF505 .C34 2010</subfield><subfield code='d'>LAW</subfield><subfield code='f'>LAW</subfield></datafield></record>