
<record xmlns='http://www.loc.gov/MARC21/slim'><leader>01117nam  2200289Ia 4500</leader><controlfield tag='001'>991036813129603811</controlfield><controlfield tag='005'>20170815163738.0</controlfield><controlfield tag='006'>m     o  d |      </controlfield><controlfield tag='007'>cr -n---------</controlfield><controlfield tag='008'>091117s2010    nyua    ob    001 0 eng d</controlfield><datafield ind1=' ' ind2=' ' tag='010'><subfield code='z'>  2009048788</subfield></datafield><datafield ind1=' ' ind2=' ' tag='020'><subfield code='a'>0-19-026025-4</subfield></datafield><datafield ind1=' ' ind2=' ' tag='020'><subfield code='a'>1-282-50113-5</subfield></datafield><datafield ind1=' ' ind2=' ' tag='020'><subfield code='a'>9786612501135</subfield></datafield><datafield ind1=' ' ind2=' ' tag='020'><subfield code='a'>0-19-970719-7</subfield></datafield><datafield ind1=' ' ind2=' ' tag='035'><subfield code='a'>(CKB)2670000000012260</subfield></datafield><datafield ind1=' ' ind2=' ' tag='035'><subfield code='a'>(EBL)497598</subfield></datafield><datafield ind1=' ' ind2=' ' tag='035'><subfield code='a'>(OCoLC)593240223</subfield></datafield><datafield ind1=' ' ind2=' ' tag='035'><subfield code='a'>(SSID)ssj0000342223</subfield></datafield><datafield ind1=' ' ind2=' ' tag='035'><subfield code='a'>(PQKBManifestationID)12115469</subfield></datafield><datafield ind1=' ' ind2=' ' tag='035'><subfield code='a'>(PQKBTitleCode)TC0000342223</subfield></datafield><datafield ind1=' ' ind2=' ' tag='035'><subfield code='a'>(PQKBWorkID)10284691</subfield></datafield><datafield ind1=' ' ind2=' ' tag='035'><subfield code='a'>(PQKB)10211430</subfield></datafield><datafield ind1=' ' ind2=' ' tag='035'><subfield code='a'>(StDuBDS)EDZ0001100985</subfield></datafield><datafield ind1=' ' ind2=' ' tag='035'><subfield code='a'>(MiAaPQ)EBC497598</subfield></datafield><datafield ind1=' ' ind2=' ' tag='035'><subfield code='a'>(EXLCZ)992670000000012260</subfield></datafield><datafield ind1=' ' ind2=' ' tag='040'><subfield code='a'>MiAaPQ</subfield><subfield code='c'>MiAaPQ</subfield><subfield code='d'>MiAaPQ</subfield></datafield><datafield ind1=' ' ind2=' ' tag='041'><subfield code='a'>eng</subfield></datafield><datafield ind1=' ' ind2='4' tag='050'><subfield code='a'>KF505</subfield><subfield code='b'>.C34 2010</subfield></datafield><datafield ind1='0' ind2='0' tag='082'><subfield code='a'>306.850973</subfield></datafield><datafield ind1='1' ind2=' ' tag='100'><subfield code='a'>Cahn, Naomi R.</subfield></datafield><datafield ind1=' ' ind2=' ' tag='210'><subfield code='a'>RED FAMILIES V. BLUE FAMILIES </subfield></datafield><datafield ind1='1' ind2='0' tag='245'><subfield code='a'>Red families v. blue families</subfield><subfield code='h'>[electronic resource] :</subfield><subfield code='b'>legal polarization and the creation of culture /</subfield><subfield code='c'>Naomi Cahn and June Carbone.</subfield></datafield><datafield ind1=' ' ind2='1' tag='264'><subfield code='a'>New York :</subfield><subfield code='b'>Oxford University Press,</subfield><subfield code='c'>2015.</subfield></datafield><datafield ind1=' ' ind2=' ' tag='300'><subfield code='a'>1 online resource (299 p.)</subfield></datafield><datafield ind1=' ' ind2=' ' tag='336'><subfield code='a'>text</subfield><subfield code='b'>txt</subfield></datafield><datafield ind1=' ' ind2=' ' tag='337'><subfield code='a'>computer</subfield><subfield code='b'>c</subfield></datafield><datafield ind1=' ' ind2=' ' tag='338'><subfield code='a'>online resource</subfield><subfield code='b'>cr</subfield></datafield><datafield ind1=' ' ind2=' ' tag='500'><subfield code='a'>Description based upon print version of record.</subfield></datafield><datafield ind1='0' ind2=' ' tag='505'><subfield code='a'>Contents; Introduction; PART ONE: FAMILY MAPS; ONE: Moral Demography; TWO: Sexual History; THREE: The Age of Division; FOUR: Personality, Politics, and Religion; PART TWO: THE LEGAL MAP; FIVE: Contraception: Securing the Pathways to Blue Family Life; SIX: Abortion, Law and the Cognitive Map; SEVEN: The Irrationality of Adolescence: What the Adults Are Really Fighting Over; EIGHT: The Marrying Laws; NINE: Custody and Compromise; PART THREE: THE MAP TO THE FUTURE; TEN: Marriage Advice in Shades of Pink; ELEVEN: Making Ready for Baby: Painting the Nursery Sky Blue</subfield></datafield><datafield ind1='8' ind2=' ' tag='505'><subfield code='a'>TWELVE: Work and Family: Retooling the Foundation in Deep PurpleConclusion; Notes; Index; A; B; C; D; E; F; G; H; I; J; K; L; M; N; O; P; R; S; T; U; V; W; Y</subfield></datafield><datafield ind1=' ' ind2=' ' tag='520'><subfield code='a'>Red Families v. Blue Families identifies a new family model geared for the post-industrial economy. Rooted in the urban middle class, the coasts and the &quot;&quot;blue states&quot;&quot; in the last three presidential elections, the Blue Family Paradigm emphasizes the importance of women&apos;s as well as men&apos;s workforce participation, egalitarian gender roles, and the delay of family formation until both parents are emotionally and financially ready. By contrast, the Red Family Paradigm--associated with the Bible Belt, the mountain west, and rural America--rejects these new family norms, viewing the change in moral</subfield></datafield><datafield ind1=' ' ind2=' ' tag='546'><subfield code='a'>English</subfield></datafield><datafield ind1=' ' ind2=' ' tag='504'><subfield code='a'>Includes bibliographical references and index.</subfield></datafield><datafield ind1=' ' ind2=' ' tag='588'><subfield code='a'>Description based on online resource; title from home page (viewed on April 8, 2015).</subfield></datafield><datafield ind1=' ' ind2='0' tag='650'><subfield code='a'>Domestic relations</subfield><subfield code='x'>Social aspects</subfield><subfield code='z'>United States.</subfield></datafield><datafield ind1=' ' ind2='0' tag='650'><subfield code='a'>Social change</subfield><subfield code='z'>United States.</subfield></datafield><datafield ind1=' ' ind2='4' tag='655'><subfield code='a'>Electronic books.</subfield></datafield><datafield ind1='1' ind2=' ' tag='700'><subfield code='a'>Carbone, June.</subfield></datafield><datafield ind1=' ' ind2=' ' tag='776'><subfield code='z'>0-19-983681-7</subfield></datafield><datafield ind1=' ' ind2=' ' tag='776'><subfield code='z'>0-19-537217-4</subfield></datafield><datafield ind1=' ' ind2=' ' tag='906'><subfield code='a'>BOOK</subfield></datafield><datafield ind1=' ' ind2=' ' tag='PRT'><subfield code='a'>53412723780003811</subfield><subfield code='b'>https://sandbox01-na.alma.exlibrisgroup.com/view/uresolver/01TULI_INST/openurl?u.ignore_date_coverage=true&amp;rft.mms_id=991036813129603811</subfield><subfield code='e'>EBSCOhost</subfield><subfield code='c'>EBSCOhost eBook Community College Collection</subfield><subfield code='h'>613860000000000003</subfield><subfield code='8'>53412723780003811</subfield></datafield><datafield ind1=' ' ind2=' ' tag='PRT'><subfield code='a'>53420175030003811</subfield><subfield code='b'>https://sandbox01-na.alma.exlibrisgroup.com/view/uresolver/01TULI_INST/openurl?u.ignore_date_coverage=true&amp;rft.mms_id=991036813129603811</subfield><subfield code='e'>Ebook Central</subfield><subfield code='c'>Ebook Central Academic Complete</subfield><subfield code='h'>614200000000000002</subfield><subfield code='8'>53420175030003811</subfield></datafield><datafield ind1=' ' ind2=' ' tag='PRT'><subfield code='a'>53392187410003811</subfield><subfield code='b'>https://sandbox01-na.alma.exlibrisgroup.com/view/uresolver/01TULI_INST/openurl?u.ignore_date_coverage=true&amp;rft.mms_id=991036813129603811</subfield><subfield code='e'>EBSCOhost</subfield><subfield code='c'>EBSCOhost Academic eBook Collection (North America)</subfield><subfield code='h'>613640000000000029</subfield><subfield code='8'>53392187410003811</subfield></datafield><datafield ind1=' ' ind2=' ' tag='PRT'><subfield code='a'>53423829580003811</subfield><subfield code='b'>https://sandbox01-na.alma.exlibrisgroup.com/view/uresolver/01TULI_INST/openurl?u.ignore_date_coverage=true&amp;rft.mms_id=991036813129603811</subfield><subfield code='e'>Ebook Central</subfield><subfield code='c'>Ebook Central College Complete</subfield><subfield code='h'>614330000000000032</subfield><subfield code='8'>53423829580003811</subfield></datafield></record>