
<record xmlns='http://www.loc.gov/MARC21/slim'><leader>01938cam a2200445 a 4500</leader><controlfield tag='005'>20170825225202.0</controlfield><controlfield tag='008'>111208s2012    nyua     b   s001 0 eng  </controlfield><controlfield tag='001'>991030260499703811</controlfield><datafield ind1=' ' ind2=' ' tag='010'><subfield code='a'>2011047985</subfield></datafield><datafield ind1=' ' ind2=' ' tag='020'><subfield code='a'>9781438443959 (hardcover : alk. paper)</subfield></datafield><datafield ind1=' ' ind2=' ' tag='020'><subfield code='a'>1438443951 (hardcover : alk. paper)</subfield></datafield><datafield ind1=' ' ind2=' ' tag='035'><subfield code='a'>(PPT)b52568726-01tuli_inst</subfield></datafield><datafield ind1=' ' ind2=' ' tag='035'><subfield code='a'>(OCoLC)ocn811010773</subfield><subfield code='9'>ExL</subfield></datafield><datafield ind1=' ' ind2=' ' tag='035'><subfield code='a'>(OCoLC)768126300</subfield></datafield><datafield ind1=' ' ind2=' ' tag='035'><subfield code='a'>ocn768126300</subfield></datafield><datafield ind1=' ' ind2=' ' tag='035'><subfield code='a'>(OCLC)ocn768126300</subfield></datafield><datafield ind1=' ' ind2=' ' tag='040'><subfield code='a'>DLC</subfield><subfield code='b'>eng</subfield><subfield code='c'>DLC</subfield><subfield code='d'>YDX</subfield><subfield code='d'>BTCTA</subfield><subfield code='d'>BDX</subfield><subfield code='d'>YDXCP</subfield><subfield code='d'>OCLCO</subfield><subfield code='d'>BWX</subfield><subfield code='d'>UKMGB</subfield></datafield><datafield ind1=' ' ind2=' ' tag='042'><subfield code='a'>pcc</subfield></datafield><datafield ind1=' ' ind2=' ' tag='043'><subfield code='a'>n-us---</subfield></datafield><datafield ind1=' ' ind2=' ' tag='049'><subfield code='a'>IG$A</subfield></datafield><datafield ind1=' ' ind2=' ' tag='079'><subfield code='a'>ocn768126300</subfield></datafield><datafield ind1=' ' ind2=' ' tag='090'><subfield code='a'>HQ755.8</subfield><subfield code='b'>.E367 2012</subfield></datafield><datafield ind1='1' ind2=' ' tag='100'><subfield code='a'>Elder, Laurel.</subfield></datafield><datafield ind1='1' ind2='4' tag='245'><subfield code='a'>The politics of parenthood :</subfield><subfield code='b'>causes and consequences of the politicization and polarization of the American family /</subfield><subfield code='c'>Laurel Elder and Steven Greene.</subfield></datafield><datafield ind1=' ' ind2=' ' tag='260'><subfield code='a'>Albany :</subfield><subfield code='b'>State University of New York Press,</subfield><subfield code='c'>c2012.</subfield></datafield><datafield ind1=' ' ind2=' ' tag='300'><subfield code='a'>xiv, 168 p. :</subfield><subfield code='b'>ill. ;</subfield><subfield code='c'>24 cm.</subfield></datafield><datafield ind1=' ' ind2=' ' tag='504'><subfield code='a'>Includes bibliographical references and index.</subfield></datafield><datafield ind1='0' ind2=' ' tag='505'><subfield code='a'>Parenthood is political -- The politics of the changing American family -- &quot;Family values&quot; vs. &quot;champion of working families&quot; : parenthood, families, and the political parties -- The rise of politicized Moms and Dads : media coverage of parenthood -- The political attitudes of mothers and fathers -- Marriage, race, and the politics of parenthood -- The consequences and future of the politics of parenthood.</subfield></datafield><datafield ind1=' ' ind2='0' tag='650'><subfield code='a'>Parenthood</subfield><subfield code='z'>United States.</subfield></datafield><datafield ind1=' ' ind2='0' tag='650'><subfield code='a'>Families</subfield><subfield code='z'>United States.</subfield></datafield><datafield ind1=' ' ind2='0' tag='650'><subfield code='a'>Parenthood</subfield><subfield code='z'>United States</subfield><subfield code='x'>Public opinion.</subfield></datafield><datafield ind1=' ' ind2='0' tag='650'><subfield code='a'>Families</subfield><subfield code='z'>United States</subfield><subfield code='x'>Public opinion.</subfield></datafield><datafield ind1=' ' ind2='0' tag='651'><subfield code='a'>United States</subfield><subfield code='x'>Politics and government.</subfield></datafield><datafield ind1='1' ind2=' ' tag='700'><subfield code='a'>Greene, Steven.</subfield></datafield><datafield ind1=' ' ind2=' ' tag='902'><subfield code='a'>120925</subfield></datafield><datafield ind1=' ' ind2=' ' tag='907'><subfield code='a'>.b52568726</subfield><subfield code='b'>p    </subfield><subfield code='c'>-</subfield></datafield><datafield ind1=' ' ind2=' ' tag='945'><subfield code='l'>pstk </subfield><subfield code='g'>1</subfield></datafield><datafield ind1=' ' ind2=' ' tag='979'><subfield code='a'>ocn768126300</subfield></datafield><datafield ind1=' ' ind2=' ' tag='998'><subfield code='b'>1</subfield><subfield code='c'>120914</subfield><subfield code='d'>m</subfield><subfield code='e'>a</subfield><subfield code='f'>-</subfield><subfield code='g'>4</subfield></datafield><datafield ind1=' ' ind2=' ' tag='998'><subfield code='b'>1</subfield><subfield code='c'>120914</subfield><subfield code='d'>m</subfield><subfield code='e'>a</subfield><subfield code='f'>-</subfield><subfield code='g'>4</subfield></datafield><datafield ind1=' ' ind2=' ' tag='ADM'><subfield code='b'>2017-08-26 02:52:02</subfield><subfield code='e'>b52568726-01tuli_inst</subfield><subfield code='d'>ILS</subfield><subfield code='a'>2017-06-20 08:25:30</subfield><subfield code='c'>false</subfield></datafield><datafield ind1='0' ind2=' ' tag='HLD'><subfield code='b'>MAIN</subfield><subfield code='c'>stacks</subfield><subfield code='h'>HQ755.8</subfield><subfield code='i'>.E367 2012</subfield><subfield code='8'>22281818720003811</subfield></datafield><datafield ind1=' ' ind2=' ' tag='ITM'><subfield code='r'>22281818720003811</subfield><subfield code='b'>1</subfield><subfield code='h'>0</subfield><subfield code='g'>stacks</subfield><subfield code='t'>BOOK</subfield><subfield code='9'>39074026515650</subfield><subfield code='e'>stacks</subfield><subfield code='8'>23281818710003811</subfield><subfield code='a'>0</subfield><subfield code='q'>2017-06-20 08:25:30</subfield><subfield code='i'>HQ755.8 .E367 2012</subfield><subfield code='d'>MAIN</subfield><subfield code='f'>MAIN</subfield></datafield></record>