
<record xmlns='http://www.loc.gov/MARC21/slim'><leader>02202cam a22004454a 4500</leader><controlfield tag='005'>20130130233935.000000.0</controlfield><controlfield tag='006'>m        d        </controlfield><controlfield tag='007'>cr||||||||nn|n</controlfield><controlfield tag='008'>111208s2012    nyu     o  d        eng d</controlfield><controlfield tag='001'>991032483689703811</controlfield><datafield ind1=' ' ind2=' ' tag='010'><subfield code='z'>2011047985</subfield></datafield><datafield ind1=' ' ind2=' ' tag='020'><subfield code='a'>9781438443966</subfield></datafield><datafield ind1=' ' ind2=' ' tag='020'><subfield code='z'>9781438443959 (hardcover : alk. paper)</subfield></datafield><datafield ind1=' ' ind2=' ' tag='035'><subfield code='a'>(PPT)b53770444-01tuli_inst</subfield></datafield><datafield ind1=' ' ind2=' ' tag='035'><subfield code='a'>(MdBmJHUP)muse9781438443966</subfield><subfield code='9'>ExL</subfield></datafield><datafield ind1=' ' ind2=' ' tag='040'><subfield code='a'>MdBmJHUP</subfield><subfield code='c'>MdBmJHUP</subfield></datafield><datafield ind1=' ' ind2=' ' tag='043'><subfield code='a'>n-us---</subfield></datafield><datafield ind1=' ' ind2=' ' tag='090'><subfield code='a'>HQ755.8</subfield><subfield code='b'>.E367 2012eb</subfield></datafield><datafield ind1='1' ind2=' ' tag='100'><subfield code='a'>Elder, Laurel.</subfield></datafield><datafield ind1='1' ind2='4' tag='245'><subfield code='a'>The politics of parenthood</subfield><subfield code='h'>[electronic resource] :</subfield><subfield code='b'>causes and consequences of the politicization and polarization of the American family /</subfield><subfield code='c'>Laurel Elder and Steven Greene.</subfield></datafield><datafield ind1=' ' ind2=' ' tag='260'><subfield code='a'>Albany :</subfield><subfield code='b'>State University of New York Press,</subfield><subfield code='c'>c2012.</subfield><subfield code='e'>(Baltimore, Md. :</subfield><subfield code='f'>Project MUSE, </subfield><subfield code='g'>2012)</subfield></datafield><datafield ind1=' ' ind2=' ' tag='300'><subfield code='a'>1 online resource (160 p.)</subfield></datafield><datafield ind1=' ' ind2=' ' tag='504'><subfield code='a'>Includes bibliographical references and index.</subfield></datafield><datafield ind1='0' ind2=' ' tag='505'><subfield code='a'>Parenthood is political -- The politics of the changing American family -- &quot;Family values&quot; vs. &quot;champion of working families&quot; : parenthood, families, and the political parties -- The rise of politicized Moms and Dads : media coverage of parenthood -- The political attitudes of mothers and fathers -- Marriage, race, and the politics of parenthood -- The consequences and future of the politics of parenthood.</subfield></datafield><datafield ind1=' ' ind2=' ' tag='588'><subfield code='a'>Description based on print version record.</subfield></datafield><datafield ind1=' ' ind2=' ' tag='590'><subfield code='a'>Access is available to the Temple Community through use of a networked computer with a Temple IP address.</subfield></datafield><datafield ind1=' ' ind2='0' tag='650'><subfield code='a'>Families</subfield><subfield code='z'>United States</subfield><subfield code='x'>Public opinion.</subfield></datafield><datafield ind1=' ' ind2='0' tag='650'><subfield code='a'>Parenthood</subfield><subfield code='z'>United States</subfield><subfield code='x'>Public opinion.</subfield></datafield><datafield ind1=' ' ind2='0' tag='650'><subfield code='a'>Families</subfield><subfield code='z'>United States.</subfield></datafield><datafield ind1=' ' ind2='0' tag='650'><subfield code='a'>Parenthood</subfield><subfield code='z'>United States.</subfield></datafield><datafield ind1=' ' ind2='0' tag='651'><subfield code='a'>United States</subfield><subfield code='x'>Politics and government.</subfield></datafield><datafield ind1=' ' ind2='0' tag='655'><subfield code='a'>Electronic books.</subfield></datafield><datafield ind1='1' ind2=' ' tag='700'><subfield code='a'>Greene, Steven.</subfield></datafield><datafield ind1='2' ind2=' ' tag='710'><subfield code='a'>Project Muse.</subfield></datafield><datafield ind1=' ' ind2='0' tag='830'><subfield code='a'>UPCC book collections on Project MUSE.</subfield></datafield><datafield ind1='4' ind2='0' tag='856'><subfield code='z'>Full text available: </subfield><subfield code='u'>http://libproxy.temple.edu/login?url=http://muse.jhu.edu/books/9781438443966/</subfield></datafield><datafield ind1=' ' ind2=' ' tag='907'><subfield code='a'>.b53770444</subfield><subfield code='b'>w    </subfield><subfield code='c'>-</subfield></datafield><datafield ind1=' ' ind2=' ' tag='902'><subfield code='a'>130409</subfield></datafield><datafield ind1=' ' ind2=' ' tag='998'><subfield code='b'>1</subfield><subfield code='c'>130302</subfield><subfield code='d'>m</subfield><subfield code='e'>@</subfield><subfield code='f'>-</subfield><subfield code='g'>4</subfield></datafield><datafield ind1=' ' ind2=' ' tag='902'><subfield code='a'>Project MUSE -- UPCC Current Complete Collection 2012-02-20</subfield></datafield><datafield ind1=' ' ind2=' ' tag='945'><subfield code='l'>w    </subfield><subfield code='g'>1</subfield></datafield><datafield ind1=' ' ind2=' ' tag='ADM'><subfield code='e'>b53770444-01tuli_inst</subfield><subfield code='d'>ILS</subfield><subfield code='a'>2017-06-20 07:26:53</subfield><subfield code='c'>false</subfield></datafield><datafield ind1=' ' ind2=' ' tag='PRT'><subfield code='a'>53380486670003811</subfield><subfield code='b'>https://sandbox01-na.alma.exlibrisgroup.com/view/uresolver/01TULI_INST/openurl?u.ignore_date_coverage=true&amp;rft.mms_id=991032483689703811</subfield><subfield code='f'>Full text available: </subfield><subfield code='9'>Available</subfield><subfield code='d'>MAIN</subfield><subfield code='c'>Project Muse eBook Collection</subfield><subfield code='8'>53380486670003811</subfield></datafield></record>