
<record xmlns='http://www.loc.gov/MARC21/slim'><leader>03761pam a2200505 i 4500</leader><controlfield tag='005'>20180210141724.0</controlfield><controlfield tag='008'>171002t20172017ohua     b    000 0 eng  </controlfield><controlfield tag='001'>991036861511703811</controlfield><datafield ind1=' ' ind2=' ' tag='010'><subfield code='a'>  2017041051</subfield></datafield><datafield ind1=' ' ind2=' ' tag='020'><subfield code='a'>9781629220932</subfield><subfield code='q'>(pbk. : alk. paper)</subfield></datafield><datafield ind1=' ' ind2=' ' tag='020'><subfield code='a'>1629220930</subfield><subfield code='q'>(pbk. : alk. paper)</subfield></datafield><datafield ind1=' ' ind2=' ' tag='020'><subfield code='z'>9781629220949</subfield><subfield code='q'>(ePDF)</subfield></datafield><datafield ind1=' ' ind2=' ' tag='020'><subfield code='z'>9781629220956</subfield><subfield code='q'>(ePub)</subfield></datafield><datafield ind1=' ' ind2=' ' tag='035'><subfield code='a'>(OCoLC)969828210</subfield></datafield><datafield ind1=' ' ind2=' ' tag='040'><subfield code='a'>DLC</subfield><subfield code='b'>eng</subfield><subfield code='e'>rda</subfield><subfield code='c'>DLC</subfield><subfield code='d'>VLR</subfield><subfield code='d'>OCLCO</subfield><subfield code='d'>YDX</subfield></datafield><datafield ind1=' ' ind2=' ' tag='042'><subfield code='a'>pcc</subfield></datafield><datafield ind1=' ' ind2=' ' tag='043'><subfield code='a'>n-us---</subfield></datafield><datafield ind1='0' ind2='0' tag='050'><subfield code='a'>JK1968 2014</subfield><subfield code='b'>.P65 2017</subfield></datafield><datafield ind1='0' ind2='0' tag='082'><subfield code='a'>324.7/30973</subfield><subfield code='2'>23</subfield></datafield><datafield ind1='0' ind2='0' tag='245'><subfield code='a'>Political communication &amp; strategy :</subfield><subfield code='b'>consequences of the 2014 midterm elections /</subfield><subfield code='c'>edited by Tauna S. Sisco, Jennifer C. Lucas, Christopher J. Galdieri.</subfield></datafield><datafield ind1='3' ind2=' ' tag='246'><subfield code='a'>Political communication and strategy</subfield></datafield><datafield ind1=' ' ind2=' ' tag='250'><subfield code='a'>First edition.</subfield></datafield><datafield ind1=' ' ind2='1' tag='264'><subfield code='a'>Akron, Ohio :</subfield><subfield code='b'>The University of Akron Press,</subfield><subfield code='c'>2017.</subfield></datafield><datafield ind1=' ' ind2='4' tag='264'><subfield code='c'>©2017</subfield></datafield><datafield ind1=' ' ind2=' ' tag='300'><subfield code='a'>xi, 165 pages :</subfield><subfield code='b'>illustrations ;</subfield><subfield code='c'>23 cm.</subfield></datafield><datafield ind1=' ' ind2=' ' tag='336'><subfield code='a'>text</subfield><subfield code='b'>txt</subfield><subfield code='2'>rdacontent</subfield></datafield><datafield ind1=' ' ind2=' ' tag='337'><subfield code='a'>unmediated</subfield><subfield code='b'>n</subfield><subfield code='2'>rdamedia</subfield></datafield><datafield ind1=' ' ind2=' ' tag='338'><subfield code='a'>volume</subfield><subfield code='b'>nc</subfield><subfield code='2'>rdacarrier</subfield></datafield><datafield ind1='0' ind2=' ' tag='490'><subfield code='a'>Bliss institute series</subfield></datafield><datafield ind1=' ' ind2=' ' tag='504'><subfield code='a'>Includes bibliographical references (pages 150-165).</subfield></datafield><datafield ind1='0' ind2=' ' tag='505'><subfield code='a'>Introduction : political communication and strategy : consequences of the 2014 midterm elections / Tauna S. Sisco, Jennifer C. Lucas, and Christopher J. Galdieri -- Primaries &amp; political communication. The nationalization of congressional primaries / Robert G. Boatright -- Partisan extremity in the 2014 midterm elections : how primaries and incumbency influence polarized position-taking on campaign websites / Kevin Parsneau and Christopher Chapp -- Political communication &amp; the Republican wave. Party branding, marketing, and mobilization in 2014 and beyond / Kenneth M. Cosgrove -- Selling the donkey : Democratic campaign rhetoric and framing in Republican states / Neal Allen and Brian K. Arbour -- Pussyfooting around November? : a longitudinal analysis of politicians&apos; Twitter use in 2014 / Matthew A. Shapiro, Libby Hemphill, and Jahna Otterbacher -- Outside influence &amp; political communication. Following the money : the impact of outside group expenditures in the 2014 U.S. House elections / Jeff Gulati and Victoria A. Farrar-Myers -- You&apos;ve got mail : direct-mail strategies in the New Hampshire U.S. Senate race / Dante J. Scala and Tegan O&apos;Neill -- Strategy, issues, &amp; the South. The 2014 election and the culmination of southern realignment / David A. Hopkins -- The solid South : campaign issue strategies in the 2014 southern Senate races / Caleb Orr, Dylan Brugman, Suzanne Fournier Macaluso, and Cindy Roper -- Construction of marginalized interests. The social construction of women&apos;s interests in the 2014 and 2010 midterms / Vincent Vecera and Danielle Currier -- Racial attitudes and emotional responses to Senate candidates in New Jersey / David P. Redlawsk, Natasha Altema McNeely, and Caroline J. Tolbert.</subfield></datafield><datafield ind1='1' ind2='0' tag='610'><subfield code='a'>United States.</subfield><subfield code='b'>Congress</subfield><subfield code='x'>Elections</subfield><subfield code='y'>2014.</subfield></datafield><datafield ind1=' ' ind2='0' tag='650'><subfield code='a'>Communication in politics</subfield><subfield code='z'>United States.</subfield></datafield><datafield ind1=' ' ind2='0' tag='650'><subfield code='a'>Political campaigns</subfield><subfield code='z'>United States</subfield><subfield code='x'>History</subfield><subfield code='y'>21st century.</subfield></datafield><datafield ind1=' ' ind2='0' tag='651'><subfield code='a'>United States</subfield><subfield code='x'>Politics and government</subfield><subfield code='y'>2009-</subfield></datafield><datafield ind1='1' ind2=' ' tag='700'><subfield code='a'>Sisco, Tauna S.,</subfield><subfield code='e'>editor.</subfield></datafield><datafield ind1='1' ind2=' ' tag='700'><subfield code='a'>Lucas, Jennifer C.,</subfield><subfield code='e'>editor.</subfield></datafield><datafield ind1='1' ind2=' ' tag='700'><subfield code='a'>Galdieri, Christopher J.,</subfield><subfield code='e'>editor.</subfield></datafield><datafield ind1='0' ind2='8' tag='776'><subfield code='i'>Online version:</subfield><subfield code='t'>Political communication &amp; strategy</subfield><subfield code='d'>Akron : The University of Akron Press, [2017]</subfield><subfield code='z'>9781629220949</subfield><subfield code='w'>(DLC) 2017048362</subfield></datafield><datafield ind1=' ' ind2='1' tag='945'><subfield code='i'>39074026727073</subfield><subfield code='k'>MAIN</subfield><subfield code='l'>stacks</subfield><subfield code='a'>JK1968 2014</subfield><subfield code='b'>.P65 2017</subfield><subfield code='z'>090</subfield></datafield><datafield ind1=' ' ind2=' ' tag='960'><subfield code='k'>MAIN</subfield><subfield code='l'>stacks</subfield></datafield><datafield ind1=' ' ind2=' ' tag='979'><subfield code='a'>(OCoLC)969828210</subfield></datafield><datafield ind1=' ' ind2=' ' tag='980'><subfield code='a'>01-17-18</subfield><subfield code='b'>2995</subfield><subfield code='e'>2411</subfield><subfield code='f'>I20107622</subfield></datafield><datafield ind1=' ' ind2=' ' tag='981'><subfield code='a'>Coutt</subfield><subfield code='b'>ctssa</subfield><subfield code='d'>37467187</subfield><subfield code='e'>SLI</subfield><subfield code='k'>MAIN</subfield><subfield code='l'>stacks</subfield></datafield><datafield ind1=' ' ind2=' ' tag='997'><subfield code='a'>20180201</subfield><subfield code='d'>TEU</subfield><subfield code='c'>COUTTS SR</subfield><subfield code='e'>WCAT</subfield><subfield code='e'>MARCIVE</subfield></datafield><datafield ind1=' ' ind2=' ' tag='ADM'><subfield code='b'>2018-03-25 09:26:20</subfield><subfield code='e'>ocn969828210</subfield><subfield code='d'>MARCIVE</subfield><subfield code='f'>20180205130441.0</subfield><subfield code='a'>2018-01-18 16:23:41</subfield><subfield code='c'>false</subfield></datafield><datafield ind1='0' ind2=' ' tag='HLD'><subfield code='b'>MAIN</subfield><subfield code='c'>stacks</subfield><subfield code='h'>JK1968 2014</subfield><subfield code='i'>.P65 2017</subfield><subfield code='8'>22407391000003811</subfield></datafield><datafield ind1=' ' ind2=' ' tag='ITM'><subfield code='r'>22407391000003811</subfield><subfield code='b'>1</subfield><subfield code='h'>0</subfield><subfield code='g'>stacks</subfield><subfield code='t'>BOOK</subfield><subfield code='9'>39074026727073</subfield><subfield code='e'>stacks</subfield><subfield code='l'>0</subfield><subfield code='8'>23407390990003811</subfield><subfield code='j'>0</subfield><subfield code='a'>0</subfield><subfield code='q'>2018-01-18 16:25:13</subfield><subfield code='i'>JK1968 2014 .P65 2017</subfield><subfield code='d'>MAIN</subfield><subfield code='f'>MAIN</subfield></datafield></record>