
<record xmlns='http://www.loc.gov/MARC21/slim'><leader>02323nam  2200481 i 4500</leader><controlfield tag='001'>991036760118103811</controlfield><controlfield tag='005'>20170821200417.0</controlfield><controlfield tag='006'>m     o  d |      </controlfield><controlfield tag='007'>cr -n---------</controlfield><controlfield tag='008'>140811t20142014cauao   ob    001 0 eng d</controlfield><datafield ind1=' ' ind2=' ' tag='020'><subfield code='a'>1-78402-589-5</subfield></datafield><datafield ind1=' ' ind2=' ' tag='020'><subfield code='a'>1-4833-4646-3</subfield></datafield><datafield ind1=' ' ind2=' ' tag='020'><subfield code='a'>1-4833-4645-5</subfield></datafield><datafield ind1=' ' ind2=' ' tag='035'><subfield code='a'>(CKB)3710000000205310</subfield></datafield><datafield ind1=' ' ind2=' ' tag='035'><subfield code='a'>(EBL)1753424</subfield></datafield><datafield ind1=' ' ind2=' ' tag='035'><subfield code='a'>(SSID)ssj0001135833</subfield></datafield><datafield ind1=' ' ind2=' ' tag='035'><subfield code='a'>(PQKBManifestationID)12499227</subfield></datafield><datafield ind1=' ' ind2=' ' tag='035'><subfield code='a'>(PQKBTitleCode)TC0001135833</subfield></datafield><datafield ind1=' ' ind2=' ' tag='035'><subfield code='a'>(PQKBWorkID)11101661</subfield></datafield><datafield ind1=' ' ind2=' ' tag='035'><subfield code='a'>(PQKB)10032737</subfield></datafield><datafield ind1=' ' ind2=' ' tag='035'><subfield code='a'>(MiAaPQ)EBC1753424</subfield></datafield><datafield ind1=' ' ind2=' ' tag='035'><subfield code='a'>(EXLCZ)993710000000205310</subfield></datafield><datafield ind1=' ' ind2=' ' tag='040'><subfield code='a'>MiAaPQ</subfield><subfield code='b'>eng</subfield><subfield code='e'>rda</subfield><subfield code='e'>pn</subfield><subfield code='c'>MiAaPQ</subfield><subfield code='d'>MiAaPQ</subfield></datafield><datafield ind1=' ' ind2=' ' tag='041'><subfield code='a'>eng</subfield></datafield><datafield ind1=' ' ind2=' ' tag='043'><subfield code='a'>n-us---</subfield></datafield><datafield ind1=' ' ind2='4' tag='050'><subfield code='a'>JK2261</subfield><subfield code='b'>.U7 2014</subfield></datafield><datafield ind1='0' ind2='0' tag='082'><subfield code='a'>324.27309</subfield></datafield><datafield ind1='1' ind2=' ' tag='100'><subfield code='a'>Hershey, Marjorie Randon.</subfield></datafield><datafield ind1='0' ind2='0' tag='245'><subfield code='a'>U.S. political parties /</subfield><subfield code='c'>editor, Marjorie Randon Hershey ; associate editors, Barry C. Burden, Christina Wolbrecht ; acquisitions editor, Jim Brace-Thompson ; editorial assistant, Josh Benjamin ; developmental editor, Carole Maurer ; production editor, Jane Haenel ; copy editor, Mark Bast ; proofreader, Kristin Bergstad ; indexer, Joan Shapiro ; cover designer, Glenn Vogel ; marketing manager, Carmel Schrire.</subfield></datafield><datafield ind1=' ' ind2='1' tag='264'><subfield code='a'>Thousand Oaks, California ;</subfield><subfield code='a'>London, England :</subfield><subfield code='b'>Sage Reference :</subfield><subfield code='b'>CQ Press,</subfield><subfield code='c'>2014.</subfield></datafield><datafield ind1=' ' ind2='4' tag='264'><subfield code='c'>©2014</subfield></datafield><datafield ind1=' ' ind2=' ' tag='300'><subfield code='a'>1 online resource (457 p.)</subfield></datafield><datafield ind1=' ' ind2=' ' tag='336'><subfield code='a'>text</subfield><subfield code='b'>txt</subfield></datafield><datafield ind1=' ' ind2=' ' tag='337'><subfield code='a'>computer</subfield><subfield code='b'>c</subfield></datafield><datafield ind1=' ' ind2=' ' tag='338'><subfield code='a'>online resource</subfield><subfield code='b'>cr</subfield></datafield><datafield ind1=' ' ind2=' ' tag='500'><subfield code='a'>Description based upon print version of record.</subfield></datafield><datafield ind1='0' ind2=' ' tag='505'><subfield code='a'>GUIDE TO U.S. POLITICAL PARTIES-FRONT COVER; GUIDE TO U.S. POLITICAL PARTIES; SUMMARY TABLE OF CONTENTS; TABLE OF CONTENTS; ABOUT THE EDITORS; CONTRIBUTORS; ACKNOWLEDGMENTS; INTRODUCTION; PART I: WHAT ARE PARTIES FOR?; CHAPTER 1: PARTIES AND THE RESPONSE TO CHANGE: THE REPRESENTATION AND MOBILIZATION OF DIVISIONS IN A NATION; CHAPTER 2: POLITICAL PARTIES: RECRUITING LEADERS AND STRUCTURING ELECTIONS; CHAPTER 3: PARTIES AS COORDINATORS: CAN PARTIES UNITE WHAT THE CONSTITUTION DIVIDES?; CHAPTER 4: WHAT THE PARTIES STAND FOR</subfield></datafield><datafield ind1='8' ind2=' ' tag='505'><subfield code='a'>CHAPTER 5: PARTIES IN THE AMERICAN POLITICAL ENVIRONMENT: SHAPED, ADAPTIVE, AND SHAPERSPART II: HISTORICAL DEVELOPMENT OF THE PARTIES; CHAPTER 6: THE ORIGINS AND DEVELOPMENT OF U.S. POLITICAL PARTIES, 1790-1861; CHAPTER 7: POLITICAL PARTIES IN THE AGE OF INDUSTRIALIZATION: FROM THEIR GOLDEN AGE THROUGH THE PROGRESSIVE ERA; CHAPTER 8: CONSTRUCTING A NEW MAJORITY: THE DEPRESSION, THE NEW DEAL, AND THE DEMOCRATS; CHAPTER 9: PARTISANSHIP, SECTIONALISM, AND RACE: CIVIL RIGHTS AND PARTY DEVELOPMENT FROM THE 1950S THROUGH THE 1970S</subfield></datafield><datafield ind1='8' ind2=' ' tag='505'><subfield code='a'>CHAPTER 10: PARTIES REVISED AND REVIVED: DEMOCRATS AND REPUBLICANS IN THE AGE OF REAGAN, 1980 TO 2000CHAPTER 11: POLARIZATION AND VOLATILITY: THE STATE OF THE PARTY SYSTEM IN THE TWENTY-FIRST CENTURY; PART III: PARTY ORGANIZATIONS; CHAPTER 12: THE NATURE OF PARTY ORGANIZATIONS; CHAPTER 13: FROM MACHINES TO SERVICE CENTERS: THE EVOLUTION OF STATE AND LOCAL POLITICAL PARTIES; CHAPTER 14: THE TRANSFORMATION OF THE NATIONAL PARTY COMMITTEES; CHAPTER 15: THE IMPACT OF REFORM ON NATIONAL PARTY FINANCING AND CAMPAIGNING; CHAPTER 16: PARTY ACTIVISTS</subfield></datafield><datafield ind1='8' ind2=' ' tag='505'><subfield code='a'>CHAPTER 17: VOTE-SEEKING THIRD PARTIES IN THE TWENTIETH CENTURYPART IV: PARTIES IN THE ELECTORATE; CHAPTER 18: THE NATURE OF PARTISAN IDENTIFICATION; CHAPTER 19: PARTY IDENTIFICATION AND ISSUE ATTITUDES; CHAPTER 20: INDEPENDENTS AND AMERICAN ELECTIONS; CHAPTER 21: PRIMARY ELECTIONS AND CAUCUSES; CHAPTER 22: PARTISANSHIP IN GENERAL ELECTIONS; CHAPTER 23: DIFFERING VIEWS ON POLARIZATION OF THE ELECTORATE; PART V: PARTIES IN GOVERNMENT; CHAPTER 24: EBBS AND FLOWS IN THE POWER OF CONGRESSIONAL PARTY LEADERS SINCE 1910</subfield></datafield><datafield ind1='8' ind2=' ' tag='505'><subfield code='a'>CHAPTER 25: DIFFERENCES IN PARTY LEADERSHIP AND CONTROL AMONG THE U.S. HOUSE, U.S. SENATE, AND STATE LEGISLATURESCHAPTER 26: WHAT INFLUENCE DO THE PARTIES HAVE IN THE PRESIDENCY AND THE BUREAUCRACY?; CHAPTER 27: PARTISAN CONTROL OF GOVERNMENT AND PUBLIC POLICY; CHAPTER 28: POLITICAL PARTIES AND THE CHANGING MEDIA ENVIRONMENT; PART VI: PARTIES IN THEIR ENVIRONMENT; CHAPTER 29: POLITICAL PARTIES AND INTEREST GROUPS: PARTIES AS NETWORKS; CHAPTER 30: THE STANDARD OF RESPONSIBLE PARTIES; CHAPTER 31: POLITICAL PARTIES AND ECONOMIC INEQUALITY; CONCLUSION; INDEX</subfield></datafield><datafield ind1=' ' ind2=' ' tag='520'><subfield code='a'> This one-volume reference presents the major conceptual approaches to the study of U.S. political parties and the national party system, describing the organization and behavior of U.S. political parties in thematic, narrative chapters that help undergraduate students better understand party origins, historical development, and current operations. Further, it provides researchers with in-depth analysis of important subtopics and connections to other aspects of politics.    Key Features:     Thematic, narrative chapters, organized into six major parts, provide the context, as well as in-depth </subfield></datafield><datafield ind1=' ' ind2=' ' tag='546'><subfield code='a'>English</subfield></datafield><datafield ind1=' ' ind2=' ' tag='504'><subfield code='a'>Includes bibliographical references and index.</subfield></datafield><datafield ind1=' ' ind2=' ' tag='588'><subfield code='a'>Description based on print version record.</subfield></datafield><datafield ind1=' ' ind2='0' tag='650'><subfield code='a'>Political parties</subfield><subfield code='z'>United States</subfield><subfield code='x'>History.</subfield></datafield><datafield ind1=' ' ind2='4' tag='655'><subfield code='a'>Electronic books.</subfield></datafield><datafield ind1=' ' ind2='0' tag='651'><subfield code='a'>United States</subfield><subfield code='x'>Politics and government.</subfield></datafield><datafield ind1=' ' ind2=' ' tag='776'><subfield code='z'>1-322-29966-8</subfield></datafield><datafield ind1=' ' ind2=' ' tag='776'><subfield code='z'>1-4522-6780-4</subfield></datafield><datafield ind1='1' ind2=' ' tag='700'><subfield code='a'>Hershey, Marjorie Randon,</subfield><subfield code='e'>editor.</subfield></datafield><datafield ind1='1' ind2=' ' tag='700'><subfield code='a'>Burden, Barry C.,</subfield><subfield code='e'>editor.</subfield></datafield><datafield ind1='1' ind2=' ' tag='700'><subfield code='a'>Wolbrecht, Christina,</subfield><subfield code='e'>editor.</subfield></datafield><datafield ind1='1' ind2=' ' tag='700'><subfield code='a'>Brace-Thompson, Jim,</subfield><subfield code='e'>editor.</subfield></datafield><datafield ind1='1' ind2=' ' tag='700'><subfield code='a'>Josh Benjamin,</subfield><subfield code='e'>editor.</subfield></datafield><datafield ind1='1' ind2=' ' tag='700'><subfield code='a'>Maurer, Carole,</subfield><subfield code='e'>editor.</subfield></datafield><datafield ind1='1' ind2=' ' tag='700'><subfield code='a'>Haenel, Jane,</subfield><subfield code='e'>editor.</subfield></datafield><datafield ind1='1' ind2=' ' tag='700'><subfield code='a'>Bast, Mark,</subfield><subfield code='e'>editor.</subfield></datafield><datafield ind1='1' ind2=' ' tag='700'><subfield code='a'>Bergstad, Kristin,</subfield><subfield code='e'>proofreader.</subfield></datafield><datafield ind1='1' ind2=' ' tag='700'><subfield code='a'>Shapiro, Joan,</subfield><subfield code='e'>bibliographic antecedent.</subfield></datafield><datafield ind1='1' ind2=' ' tag='700'><subfield code='a'>Vogel, Glenn,</subfield><subfield code='e'>cover designer.</subfield></datafield><datafield ind1='1' ind2=' ' tag='700'><subfield code='a'>Schrire, Carmel,</subfield><subfield code='e'>production manager.</subfield></datafield><datafield ind1=' ' ind2=' ' tag='906'><subfield code='a'>BOOK</subfield></datafield><datafield ind1=' ' ind2=' ' tag='ADM'><subfield code='b'>2018-01-19 21:56:52</subfield><subfield code='e'>993710000000205310</subfield><subfield code='d'>NON_SFX</subfield><subfield code='f'>20160828021234.0</subfield><subfield code='a'>2014-08-10 00:12:22</subfield><subfield code='c'>false</subfield></datafield><datafield ind1=' ' ind2=' ' tag='PRT'><subfield code='a'>53407691230003811</subfield><subfield code='b'>https://sandbox01-na.alma.exlibrisgroup.com/view/uresolver/01TULI_INST/openurl?u.ignore_date_coverage=true&amp;rft.mms_id=991036760118103811</subfield><subfield code='e'>SAGE</subfield><subfield code='9'>Available</subfield><subfield code='c'>SAGE Complete Books, Reference and Navigator Collection 2017</subfield><subfield code='h'>613850000000000738</subfield><subfield code='8'>53407691230003811</subfield></datafield><datafield ind1=' ' ind2=' ' tag='PRT'><subfield code='a'>53395670470003811</subfield><subfield code='b'>https://sandbox01-na.alma.exlibrisgroup.com/view/uresolver/01TULI_INST/openurl?u.ignore_date_coverage=true&amp;rft.mms_id=991036760118103811</subfield><subfield code='e'>EBSCOhost</subfield><subfield code='9'>Available</subfield><subfield code='c'>EBSCOhost Academic eBook Collection (North America)</subfield><subfield code='h'>613640000000000029</subfield><subfield code='8'>53395670470003811</subfield></datafield><datafield ind1=' ' ind2=' ' tag='PRT'><subfield code='a'>53396584880003811</subfield><subfield code='b'>https://sandbox01-na.alma.exlibrisgroup.com/view/uresolver/01TULI_INST/openurl?u.ignore_date_coverage=true&amp;rft.mms_id=991036760118103811</subfield><subfield code='e'>EBSCOhost</subfield><subfield code='9'>Available</subfield><subfield code='c'>EBSCOhost eBook Community College Collection</subfield><subfield code='h'>613860000000000003</subfield><subfield code='8'>53396584880003811</subfield></datafield></record>