
<record xmlns='http://www.loc.gov/MARC21/slim'><leader>01662nam a2200361 a 4500</leader><controlfield tag='005'>20180315183143.0</controlfield><controlfield tag='008'>060720s2006    dcua     b    001 0 eng  </controlfield><controlfield tag='001'>991013317809703811</controlfield><datafield ind1=' ' ind2=' ' tag='010'><subfield code='a'>2006012477</subfield></datafield><datafield ind1=' ' ind2=' ' tag='020'><subfield code='a'>9780815782346 (cloth : alk. paper)</subfield></datafield><datafield ind1=' ' ind2=' ' tag='020'><subfield code='a'>0815782349 (cloth : alk. paper)</subfield></datafield><datafield ind1=' ' ind2=' ' tag='035'><subfield code='a'>(PPT)b30304799-01tuli_inst</subfield></datafield><datafield ind1=' ' ind2=' ' tag='035'><subfield code='a'>PATL06-B2046</subfield></datafield><datafield ind1=' ' ind2=' ' tag='040'><subfield code='a'>DLC</subfield><subfield code='c'>DLC</subfield><subfield code='d'>DLC</subfield><subfield code='d'>CWhC-L</subfield><subfield code='d'>CSM</subfield><subfield code='d'>PPT-L</subfield></datafield><datafield ind1=' ' ind2=' ' tag='042'><subfield code='a'>pcc</subfield></datafield><datafield ind1=' ' ind2=' ' tag='043'><subfield code='a'>n-us---</subfield></datafield><datafield ind1=' ' ind2=' ' tag='090'><subfield code='a'>KF8775</subfield><subfield code='b'>.A97 2006</subfield></datafield><datafield ind1='0' ind2='0' tag='245'><subfield code='a'>Are judges political? :</subfield><subfield code='b'>an empirical analysis of the federal judiciary /</subfield><subfield code='c'>Cass R. Sunstein ... [et al.]</subfield></datafield><datafield ind1=' ' ind2=' ' tag='260'><subfield code='a'>Washington, D.C. :</subfield><subfield code='b'>Brookings Institution Press,</subfield><subfield code='c'>c2006.</subfield></datafield><datafield ind1=' ' ind2=' ' tag='300'><subfield code='a'>x, 177 p. :</subfield><subfield code='b'>ill. ;</subfield><subfield code='c'>24 cm.</subfield></datafield><datafield ind1=' ' ind2=' ' tag='504'><subfield code='a'>Includes bibliographical references and index.</subfield></datafield><datafield ind1='0' ind2=' ' tag='505'><subfield code='a'>Studying judges with numbers -- Ideological votes and ideological panels -- Nonideological voting and entrenched views -- Explaining the data : conformity, group polarization, and the rule of law -- The case of big decisions : of segregation, abortion, and obscenity -- More conservative than thou? : judicial voting across circuits, across presidents, and over time -- What should be done? : of politics, judging, and diversity.</subfield></datafield><datafield ind1=' ' ind2='0' tag='650'><subfield code='a'>Judges</subfield><subfield code='z'>United States.</subfield></datafield><datafield ind1=' ' ind2='0' tag='650'><subfield code='a'>Judicial process</subfield><subfield code='z'>United States.</subfield></datafield><datafield ind1=' ' ind2='0' tag='650'><subfield code='a'>Political questions and judicial power</subfield><subfield code='z'>United States.</subfield></datafield><datafield ind1='1' ind2=' ' tag='700'><subfield code='a'>Sunstein, Cass R.</subfield></datafield><datafield ind1=' ' ind2='1' tag='901'><subfield code='a'>KF8775</subfield><subfield code='b'>.A97 2006</subfield><subfield code='i'>39074804460913</subfield><subfield code='l'>lstk</subfield><subfield code='t'>051</subfield><subfield code='s'>o</subfield><subfield code='z'>090</subfield></datafield><datafield ind1=' ' ind2=' ' tag='902'><subfield code='a'>160818</subfield></datafield><datafield ind1=' ' ind2=' ' tag='907'><subfield code='a'>.b30304799</subfield><subfield code='b'>l    </subfield><subfield code='c'>-</subfield></datafield><datafield ind1=' ' ind2=' ' tag='907'><subfield code='a'>.b30304799</subfield></datafield><datafield ind1=' ' ind2=' ' tag='945'><subfield code='l'>lstk </subfield><subfield code='g'>1</subfield></datafield><datafield ind1=' ' ind2=' ' tag='998'><subfield code='b'>1</subfield><subfield code='c'>060720</subfield><subfield code='d'>m</subfield><subfield code='e'>a</subfield><subfield code='f'>-</subfield><subfield code='g'>0</subfield></datafield><datafield ind1=' ' ind2=' ' tag='998'><subfield code='b'>1</subfield><subfield code='c'>060720</subfield><subfield code='d'>m</subfield><subfield code='e'>a</subfield><subfield code='f'>-</subfield><subfield code='g'>0</subfield></datafield><datafield ind1=' ' ind2=' ' tag='ADM'><subfield code='b'>2018-03-15 22:31:43</subfield><subfield code='e'>b30304799-01tuli_inst</subfield><subfield code='d'>ILS</subfield><subfield code='a'>2017-06-20 11:34:37</subfield><subfield code='c'>false</subfield></datafield><datafield ind1='0' ind2=' ' tag='HLD'><subfield code='b'>LAW</subfield><subfield code='c'>closestack</subfield><subfield code='h'>KF8775</subfield><subfield code='i'>.A97 2006</subfield><subfield code='8'>22312253370003811</subfield></datafield><datafield ind1=' ' ind2=' ' tag='ITM'><subfield code='r'>22312253370003811</subfield><subfield code='b'>1</subfield><subfield code='h'>0</subfield><subfield code='g'>closestack</subfield><subfield code='t'>BOOK</subfield><subfield code='9'>39074804460913</subfield><subfield code='e'>closestack</subfield><subfield code='8'>23312253360003811</subfield><subfield code='a'>0</subfield><subfield code='q'>2017-06-20 11:34:37</subfield><subfield code='i'>KF8775 .A97 2006</subfield><subfield code='d'>LAW</subfield><subfield code='f'>LAW</subfield></datafield></record>