
<record xmlns='http://www.loc.gov/MARC21/slim'><leader>01903nam a2200421 a 4500</leader><controlfield tag='005'>20170825181420.0</controlfield><controlfield tag='008'>070110s2006    dcua     b    001 0 eng  </controlfield><controlfield tag='001'>991024845919703811</controlfield><datafield ind1=' ' ind2=' ' tag='010'><subfield code='a'>2006012477</subfield></datafield><datafield ind1=' ' ind2=' ' tag='020'><subfield code='a'>9780815782346 (cloth : alk. paper)</subfield></datafield><datafield ind1=' ' ind2=' ' tag='020'><subfield code='a'>0815782349 (cloth : alk. paper)</subfield></datafield><datafield ind1=' ' ind2=' ' tag='035'><subfield code='a'>(PPT)b32867165-01tuli_inst</subfield></datafield><datafield ind1=' ' ind2=' ' tag='035'><subfield code='a'>(CStRLIN)ocn492175071</subfield><subfield code='9'>ExL</subfield></datafield><datafield ind1=' ' ind2=' ' tag='035'><subfield code='a'>PPTb32867165</subfield></datafield><datafield ind1=' ' ind2=' ' tag='035'><subfield code='a'>ocm67346108</subfield></datafield><datafield ind1=' ' ind2=' ' tag='035'><subfield code='a'>(OCLC)ocm67346108</subfield></datafield><datafield ind1=' ' ind2=' ' tag='040'><subfield code='a'>DLC</subfield><subfield code='c'>DLC</subfield><subfield code='d'>DLC</subfield><subfield code='d'>CWhC-L</subfield><subfield code='d'>NNU-L</subfield><subfield code='d'>MvI</subfield><subfield code='d'>CStRLIN</subfield><subfield code='d'>CSmyS</subfield></datafield><datafield ind1=' ' ind2=' ' tag='042'><subfield code='a'>pcc</subfield></datafield><datafield ind1=' ' ind2=' ' tag='043'><subfield code='a'>n-us---</subfield></datafield><datafield ind1=' ' ind2=' ' tag='079'><subfield code='a'>ocm67346108</subfield></datafield><datafield ind1=' ' ind2=' ' tag='090'><subfield code='a'>KF8775</subfield><subfield code='b'>.A97 2006</subfield></datafield><datafield ind1='0' ind2='0' tag='245'><subfield code='a'>Are judges political? :</subfield><subfield code='b'>an empirical analysis of the federal judiciary /</subfield><subfield code='c'>Cass R. Sunstein ... [et al.]</subfield></datafield><datafield ind1='3' ind2='0' tag='246'><subfield code='a'>Empirical analysis of the federal judiciary.</subfield></datafield><datafield ind1=' ' ind2=' ' tag='260'><subfield code='a'>Washington, D.C. :</subfield><subfield code='b'>Brookings Institution Press,</subfield><subfield code='c'>c2006.</subfield></datafield><datafield ind1=' ' ind2=' ' tag='300'><subfield code='a'>x, 177 p. :</subfield><subfield code='b'>ill. ;</subfield><subfield code='c'>24 cm.</subfield></datafield><datafield ind1=' ' ind2=' ' tag='504'><subfield code='a'>Includes bibliographical references and index.</subfield></datafield><datafield ind1='0' ind2='0' tag='505'><subfield code='t'>Studying judges with numbers --</subfield><subfield code='t'>Ideological votes and ideological panels --</subfield><subfield code='t'>Nonideological voting and entrenched views --</subfield><subfield code='t'>Explaining the data : conformity, group polarization, and the rule of law --</subfield><subfield code='t'>Case of big decisions : of segregation, abortion, and obscenity --</subfield><subfield code='t'>More conservative than thou? : judicial voting across circuits, across presidents, and over time --</subfield><subfield code='t'>What should be done? : of politics, judging, and diversity.</subfield></datafield><datafield ind1=' ' ind2='0' tag='650'><subfield code='a'>Judges</subfield><subfield code='z'>United States.</subfield></datafield><datafield ind1=' ' ind2='0' tag='650'><subfield code='a'>Judicial process</subfield><subfield code='z'>United States.</subfield></datafield><datafield ind1=' ' ind2='0' tag='650'><subfield code='a'>Political questions and judicial power</subfield><subfield code='z'>United States.</subfield></datafield><datafield ind1='1' ind2=' ' tag='700'><subfield code='a'>Sunstein, Cass R.</subfield></datafield><datafield ind1='4' ind2='1' tag='856'><subfield code='z'>Access table of contents only</subfield><subfield code='u'>http://www.loc.gov/catdir/toc/ecip0612/2006012477.html</subfield></datafield><datafield ind1=' ' ind2=' ' tag='902'><subfield code='a'>160405</subfield></datafield><datafield ind1=' ' ind2=' ' tag='907'><subfield code='a'>.b32867165</subfield><subfield code='b'>p    </subfield><subfield code='c'>-</subfield></datafield><datafield ind1=' ' ind2=' ' tag='945'><subfield code='l'>pstk </subfield><subfield code='g'>1</subfield></datafield><datafield ind1=' ' ind2=' ' tag='979'><subfield code='a'>ocm67346108</subfield></datafield><datafield ind1=' ' ind2=' ' tag='998'><subfield code='b'>0</subfield><subfield code='c'>070823</subfield><subfield code='d'>m</subfield><subfield code='e'>a</subfield><subfield code='f'>-</subfield><subfield code='g'>0</subfield></datafield><datafield ind1=' ' ind2=' ' tag='998'><subfield code='a'>08/23/07</subfield><subfield code='s'>LC</subfield><subfield code='c'>MH</subfield></datafield><datafield ind1=' ' ind2=' ' tag='ADM'><subfield code='b'>2018-03-15 23:37:20</subfield><subfield code='e'>b32867165-01tuli_inst</subfield><subfield code='d'>ILS</subfield><subfield code='a'>2017-06-20 07:36:39</subfield><subfield code='c'>false</subfield></datafield><datafield ind1='0' ind2=' ' tag='HLD'><subfield code='b'>MAIN</subfield><subfield code='c'>stacks</subfield><subfield code='h'>KF8775</subfield><subfield code='i'>.A97 2006</subfield><subfield code='8'>22269372140003811</subfield></datafield><datafield ind1=' ' ind2=' ' tag='ITM'><subfield code='r'>22269372140003811</subfield><subfield code='b'>1</subfield><subfield code='h'>0</subfield><subfield code='g'>stacks</subfield><subfield code='t'>BOOK</subfield><subfield code='9'>39074022706477</subfield><subfield code='e'>stacks</subfield><subfield code='8'>23269372130003811</subfield><subfield code='a'>0</subfield><subfield code='q'>2017-06-20 07:36:39</subfield><subfield code='i'>KF8775 .A97 2006</subfield><subfield code='d'>MAIN</subfield><subfield code='f'>MAIN</subfield></datafield></record>