
<record xmlns='http://www.loc.gov/MARC21/slim'><leader>04247cam a2200445 i 4500</leader><controlfield tag='005'>20170825225244.0</controlfield><controlfield tag='008'>130729s2013    nyua     b    001 0 eng  </controlfield><controlfield tag='001'>991036039539703811</controlfield><datafield ind1=' ' ind2=' ' tag='010'><subfield code='a'>2013022356</subfield></datafield><datafield ind1=' ' ind2=' ' tag='020'><subfield code='a'>9781616148232 (hardback)</subfield></datafield><datafield ind1=' ' ind2=' ' tag='020'><subfield code='a'>1616148233 (hardback)</subfield></datafield><datafield ind1=' ' ind2=' ' tag='020'><subfield code='z'>9781616148249 (ebook)</subfield></datafield><datafield ind1=' ' ind2=' ' tag='020'><subfield code='z'>1616148241 (ebook)</subfield></datafield><datafield ind1=' ' ind2=' ' tag='035'><subfield code='a'>(PPT)b5488665x-01tuli_inst</subfield></datafield><datafield ind1=' ' ind2=' ' tag='035'><subfield code='a'>(OCoLC)ocn859772073</subfield><subfield code='9'>ExL</subfield></datafield><datafield ind1=' ' ind2=' ' tag='035'><subfield code='a'>(OCoLC)828484155</subfield><subfield code='z'>(OCoLC)828495121</subfield></datafield><datafield ind1=' ' ind2=' ' tag='035'><subfield code='a'>ocn828484155</subfield></datafield><datafield ind1=' ' ind2=' ' tag='035'><subfield code='a'>(OCLC)ocn828484155</subfield></datafield><datafield ind1=' ' ind2=' ' tag='040'><subfield code='a'>DLC</subfield><subfield code='b'>eng</subfield><subfield code='e'>rda</subfield><subfield code='c'>DLC</subfield><subfield code='d'>BTCTA</subfield><subfield code='d'>YDXCP</subfield><subfield code='d'>BDX</subfield><subfield code='d'>OCLCO</subfield><subfield code='d'>OCLCA</subfield><subfield code='d'>BKL</subfield><subfield code='d'>EZN</subfield></datafield><datafield ind1=' ' ind2=' ' tag='042'><subfield code='a'>pcc</subfield></datafield><datafield ind1=' ' ind2=' ' tag='079'><subfield code='a'>ocn828484155</subfield></datafield><datafield ind1=' ' ind2=' ' tag='090'><subfield code='a'>BF698.9.P6</subfield><subfield code='b'>.T87 2013</subfield></datafield><datafield ind1='1' ind2=' ' tag='100'><subfield code='a'>Tuschman, Avi,</subfield><subfield code='d'>1979-</subfield></datafield><datafield ind1='1' ind2='0' tag='245'><subfield code='a'>Our political nature :</subfield><subfield code='b'>the evolutionary origins of what divides us /</subfield><subfield code='c'>Avi Tuschman.</subfield></datafield><datafield ind1=' ' ind2='1' tag='264'><subfield code='a'>Amherst, New York :</subfield><subfield code='b'>Prometheus Books,</subfield><subfield code='c'>2013.</subfield></datafield><datafield ind1=' ' ind2=' ' tag='300'><subfield code='a'>543 pages :</subfield><subfield code='b'>illustrations ;</subfield><subfield code='c'>24 cm</subfield></datafield><datafield ind1=' ' ind2=' ' tag='336'><subfield code='a'>text</subfield><subfield code='2'>rdacontent</subfield></datafield><datafield ind1=' ' ind2=' ' tag='337'><subfield code='a'>unmediated</subfield><subfield code='2'>rdamedia</subfield></datafield><datafield ind1=' ' ind2=' ' tag='338'><subfield code='a'>volume</subfield><subfield code='2'>rdacarrier</subfield></datafield><datafield ind1=' ' ind2=' ' tag='504'><subfield code='a'>Includes bibliographical references and index.</subfield></datafield><datafield ind1='0' ind2=' ' tag='505'><subfield code='a'>Introduction: Searching for the origin of political identity -- The Burning Man of Tunisia -- The Universal Political Animal -- What Economics Can and Cannot Predict -- The Invention of the Political Litmus Test -- Unearthing the Three Roots of Political Orientation -- Part One: Tribalism on the political spectrum -- Ethnocentrism vs. Xenophilia -- Religiosity vs. Secularism -- Attitudes toward Sexuality, Homosexuality, and Gender Roles -- Part Two: The biology of tribalism -- When Outbreeding Is Fit and Inbreeding Isn&apos;t -- When Inbreeding Is Fit and Outbreeding Isn&apos;t -- How Optimal Mating Happens -- Why Gender Inequality and Fertility Change  across Human History -- The Biology of War and Genocide -- Part Three: Do we live in a just world? -- Attitudes toward inequality and authority in society -- Attitudes toward inezuality and authority within the family -- Part Four: The biology of family conflict -- Why sibling conflict occors and polarizes political personalities -- Part Five: Are people by nature cooperative or competitive? -- Sages through the Ages  -- Do Perceptions of Human Nature Change as We Age? -- Part Six: Illumination our true human nature -- The Conservative Altruism: Kin Selection -- The Liberal Altruism: Reciprocity -- Altruism across the Lifespan: The Neurological Development of Cynicism -- The Altruism That Isn&apos;t: Self-Deception among People and Politicians -- The Enigmatic Altruism of Heroic Rescuers</subfield></datafield><datafield ind1=' ' ind2=' ' tag='520'><subfield code='a'>&quot;The first book to tell the natural history of political orientations. Our Political Nature is the first book to reveal the hidden roots of our most deeply held moral values. It shows how political orientations across space and time arise from three clusters of measurable personality traits. These clusters entail opposing attitudes toward tribalism, inequality, and differing perceptions of human nature. Together, these traits are by far the most powerful cause of left-right voting, even leading people to regularly vote against their economic interests. As this book explains, our political personalities also influence our likely choice of a mate, and shape society&apos;s larger reproductive patterns. Most importantly of all, it tells the evolutionary stories of these crucial personality traits, which stem from epic biological conflicts. Based on dozens of exciting new insights from primatology, genetics, neuroscience, and anthropology, this groundbreaking work brings core concepts to life through current news stories and personalities. For instance, readers will meet Glenn Beck and Hugo Chavez and come to understand the underlying evolutionary forces they represent. By blending serious research with relevant contemporary examples, Our Political Nature casts important light onto the ideological clashes that so dangerously divide and imperil our world today&quot;--</subfield><subfield code='c'>Provided by publisher.</subfield></datafield><datafield ind1=' ' ind2='0' tag='650'><subfield code='a'>Personality and politics.</subfield></datafield><datafield ind1=' ' ind2='0' tag='650'><subfield code='a'>Social psychology.</subfield></datafield><datafield ind1=' ' ind2=' ' tag='902'><subfield code='a'>160726</subfield></datafield><datafield ind1=' ' ind2=' ' tag='907'><subfield code='a'>.b5488665x</subfield><subfield code='b'>p    </subfield><subfield code='c'>-</subfield></datafield><datafield ind1=' ' ind2=' ' tag='945'><subfield code='l'>pstk </subfield><subfield code='g'>1</subfield></datafield><datafield ind1=' ' ind2=' ' tag='979'><subfield code='a'>ocn828484155</subfield></datafield><datafield ind1=' ' ind2=' ' tag='998'><subfield code='b'>1</subfield><subfield code='c'>130926</subfield><subfield code='d'>m</subfield><subfield code='e'>a</subfield><subfield code='f'>-</subfield><subfield code='g'>0</subfield></datafield><datafield ind1=' ' ind2=' ' tag='998'><subfield code='b'>1</subfield><subfield code='c'>130926</subfield><subfield code='d'>m</subfield><subfield code='e'>a</subfield><subfield code='f'>-</subfield><subfield code='g'>0</subfield></datafield><datafield ind1=' ' ind2=' ' tag='ADM'><subfield code='b'>2018-03-16 01:56:06</subfield><subfield code='e'>b5488665x-01tuli_inst</subfield><subfield code='d'>ILS</subfield><subfield code='a'>2017-06-20 08:37:31</subfield><subfield code='c'>false</subfield></datafield><datafield ind1='0' ind2=' ' tag='HLD'><subfield code='b'>MAIN</subfield><subfield code='c'>stacks</subfield><subfield code='h'>BF698.9.P6</subfield><subfield code='i'>.T87 2013</subfield><subfield code='8'>22284478140003811</subfield></datafield><datafield ind1=' ' ind2=' ' tag='ITM'><subfield code='r'>22284478140003811</subfield><subfield code='b'>1</subfield><subfield code='h'>0</subfield><subfield code='g'>stacks</subfield><subfield code='t'>BOOK</subfield><subfield code='9'>39074026586628</subfield><subfield code='e'>stacks</subfield><subfield code='8'>23284478130003811</subfield><subfield code='a'>0</subfield><subfield code='q'>2017-06-20 08:37:31</subfield><subfield code='i'>BF698.9.P6 .T87 2013</subfield><subfield code='d'>MAIN</subfield><subfield code='f'>MAIN</subfield></datafield></record>