
<record xmlns='http://www.loc.gov/MARC21/slim'><leader>01326nas a2200337 a 4500</leader><controlfield tag='005'>20180322153909.0</controlfield><controlfield tag='008'>940831c19uu9999vaufr         0 | a0eng d</controlfield><controlfield tag='001'>991009800229703811</controlfield><datafield ind1=' ' ind2=' ' tag='035'><subfield code='a'>(PPT)b20668661-01tuli_inst</subfield></datafield><datafield ind1=' ' ind2=' ' tag='035'><subfield code='a'>PATL94-S355</subfield></datafield><datafield ind1=' ' ind2=' ' tag='040'><subfield code='a'>MBU-L</subfield><subfield code='c'>MBU-L</subfield><subfield code='d'>PPT-L</subfield></datafield><datafield ind1=' ' ind2=' ' tag='099'><subfield code='a'>P.P36 A2</subfield></datafield><datafield ind1='0' ind2='0' tag='245'><subfield code='a'>PoLAR :</subfield><subfield code='b'>political and legal anthropology review.</subfield></datafield><datafield ind1='1' ind2='0' tag='246'><subfield code='a'>Political and legal anthropology review.</subfield></datafield><datafield ind1=' ' ind2=' ' tag='260'><subfield code='a'>Arlington, Va. :</subfield><subfield code='b'>Association of Political and Legal Anthropology,</subfield></datafield><datafield ind1=' ' ind2=' ' tag='265'><subfield code='a'>PoLAR, University of Colorado Law School of Law, Campus Box 401, Boulder, CO 80309-0401.</subfield></datafield><datafield ind1=' ' ind2=' ' tag='300'><subfield code='a'>v. ;</subfield><subfield code='c'>22 cm.</subfield></datafield><datafield ind1=' ' ind2=' ' tag='310'><subfield code='a'>Twice a year.</subfield></datafield><datafield ind1=' ' ind2=' ' tag='500'><subfield code='a'>Description based on: Vol. 17, no. 1 (May 1994)</subfield></datafield><datafield ind1=' ' ind2=' ' tag='530'><subfield code='a'>Also available online via HeinOnline for the Temple University community.</subfield></datafield><datafield ind1=' ' ind2='0' tag='650'><subfield code='a'>Ethnological jurisprudence</subfield><subfield code='x'>Periodicals.</subfield></datafield><datafield ind1=' ' ind2='0' tag='650'><subfield code='a'>Law</subfield><subfield code='x'>Philosophy</subfield><subfield code='x'>Periodicals.</subfield></datafield><datafield ind1=' ' ind2='0' tag='650'><subfield code='a'>Periodicals.</subfield></datafield><datafield ind1='2' ind2='0' tag='710'><subfield code='a'>Association for Political and Legal Anthropology.</subfield></datafield><datafield ind1='4' ind2='1' tag='856'><subfield code='z'>Online version:</subfield><subfield code='u'>http://libproxy.temple.edu/login?url=http://www.heinonline.org/HOL/Index?index=journals/polar&amp;collection=journals</subfield></datafield><datafield ind1=' ' ind2=' ' tag='866'><subfield code='a'>vol. 17-20</subfield></datafield><datafield ind1=' ' ind2=' ' tag='907'><subfield code='a'>.b20668661</subfield><subfield code='b'>l    </subfield><subfield code='c'>-</subfield></datafield><datafield ind1=' ' ind2=' ' tag='935'><subfield code='a'>.b10640812</subfield></datafield><datafield ind1=' ' ind2=' ' tag='945'><subfield code='l'>lstk </subfield><subfield code='g'>1</subfield></datafield><datafield ind1=' ' ind2=' ' tag='998'><subfield code='b'>1</subfield><subfield code='c'>940831</subfield><subfield code='d'>j</subfield><subfield code='e'>m</subfield><subfield code='f'>-</subfield><subfield code='g'>0</subfield></datafield><datafield ind1=' ' ind2=' ' tag='998'><subfield code='a'>940831</subfield><subfield code='b'>j</subfield><subfield code='e'>a</subfield><subfield code='d'>-</subfield></datafield><datafield ind1=' ' ind2=' ' tag='ADM'><subfield code='b'>2018-03-22 19:39:09</subfield><subfield code='e'>b20668661-01tuli_inst</subfield><subfield code='d'>ILS</subfield><subfield code='a'>2017-06-20 06:38:28</subfield><subfield code='c'>false</subfield></datafield><datafield ind1=' ' ind2=' ' tag='HLD'><subfield code='b'>LAW</subfield><subfield code='c'>closestack</subfield><subfield code='h'>P.P36 A2</subfield><subfield code='8'>22251733700003811</subfield></datafield><datafield ind1=' ' ind2=' ' tag='ITM'><subfield code='r'>22251733700003811</subfield><subfield code='b'>1</subfield><subfield code='g'>closestack</subfield><subfield code='t'>ISSUE</subfield><subfield code='9'>39074800576431</subfield><subfield code='e'>closestack</subfield><subfield code='8'>23251733690003811</subfield><subfield code='a'>0</subfield><subfield code='q'>2017-06-20 06:38:28</subfield><subfield code='i'>P.P36 A2</subfield><subfield code='d'>LAW</subfield><subfield code='f'>LAW</subfield></datafield></record>