
<record xmlns='http://www.loc.gov/MARC21/slim'><leader>01014nam a2200349 a 4500</leader><controlfield tag='005'>20170825172049.0</controlfield><controlfield tag='008'>950929s1996    nyu      b    001 0 eng  </controlfield><controlfield tag='001'>991035122499703811</controlfield><datafield ind1=' ' ind2=' ' tag='010'><subfield code='a'>95044829</subfield></datafield><datafield ind1=' ' ind2=' ' tag='020'><subfield code='a'>0471948985</subfield></datafield><datafield ind1=' ' ind2=' ' tag='035'><subfield code='a'>(PPT)b1727705x-01tuli_inst</subfield></datafield><datafield ind1=' ' ind2=' ' tag='035'><subfield code='a'>(DLC    )ocn477202489</subfield><subfield code='9'>ExL</subfield></datafield><datafield ind1=' ' ind2=' ' tag='035'><subfield code='a'>DLC   95044829</subfield></datafield><datafield ind1=' ' ind2=' ' tag='035'><subfield code='a'>ocm60308742</subfield></datafield><datafield ind1=' ' ind2=' ' tag='035'><subfield code='a'>(OCLC)ocm60308742</subfield></datafield><datafield ind1=' ' ind2=' ' tag='040'><subfield code='a'>DLC</subfield><subfield code='c'>DLC</subfield></datafield><datafield ind1=' ' ind2=' ' tag='043'><subfield code='a'>r------</subfield><subfield code='a'>t------</subfield></datafield><datafield ind1=' ' ind2=' ' tag='079'><subfield code='a'>ocm60308742</subfield></datafield><datafield ind1=' ' ind2=' ' tag='090'><subfield code='a'>G587.C48 1996</subfield></datafield><datafield ind1='1' ind2=' ' tag='100'><subfield code='a'>Chaturvedi, Sanjay.</subfield></datafield><datafield ind1='1' ind2='4' tag='245'><subfield code='a'>The polar regions :</subfield><subfield code='b'>a political geography /</subfield><subfield code='c'>Sanjay Chaturvedi.</subfield></datafield><datafield ind1=' ' ind2=' ' tag='260'><subfield code='a'>New York :</subfield><subfield code='b'>Wiley,</subfield><subfield code='c'>1996.</subfield></datafield><datafield ind1=' ' ind2=' ' tag='300'><subfield code='a'>xviii, 306 p. :</subfield><subfield code='b'>maps ;</subfield><subfield code='c'>24 cm.</subfield></datafield><datafield ind1=' ' ind2='0' tag='440'><subfield code='a'>Polar research series</subfield></datafield><datafield ind1=' ' ind2=' ' tag='504'><subfield code='a'>Includes bibliographical references (p. 269-296) and index.</subfield></datafield><datafield ind1=' ' ind2='0' tag='651'><subfield code='a'>Polar regions.</subfield></datafield><datafield ind1=' ' ind2=' ' tag='902'><subfield code='a'>091218</subfield></datafield><datafield ind1=' ' ind2=' ' tag='907'><subfield code='a'>.b1727705x</subfield><subfield code='b'>p    </subfield><subfield code='c'>-</subfield></datafield><datafield ind1=' ' ind2=' ' tag='935'><subfield code='a'>00792240</subfield></datafield><datafield ind1=' ' ind2=' ' tag='945'><subfield code='l'>pstk </subfield><subfield code='g'>1</subfield></datafield><datafield ind1=' ' ind2=' ' tag='979'><subfield code='a'>ocm60308742</subfield></datafield><datafield ind1=' ' ind2=' ' tag='998'><subfield code='b'>1</subfield><subfield code='c'>990101</subfield><subfield code='d'>m</subfield><subfield code='e'>a</subfield><subfield code='f'>-</subfield><subfield code='g'>4</subfield></datafield><datafield ind1=' ' ind2=' ' tag='ADM'><subfield code='b'>2017-08-25 21:20:49</subfield><subfield code='e'>b1727705x-01tuli_inst</subfield><subfield code='d'>ILS</subfield><subfield code='a'>2017-06-20 10:41:06</subfield><subfield code='c'>false</subfield></datafield><datafield ind1='0' ind2=' ' tag='HLD'><subfield code='b'>MAIN</subfield><subfield code='c'>stacks</subfield><subfield code='h'>G587.C48 1996</subfield><subfield code='8'>22305188830003811</subfield></datafield><datafield ind1=' ' ind2=' ' tag='ITM'><subfield code='r'>22305188830003811</subfield><subfield code='b'>1</subfield><subfield code='h'>0</subfield><subfield code='g'>stacks</subfield><subfield code='t'>BOOK</subfield><subfield code='9'>39074010936359</subfield><subfield code='e'>stacks</subfield><subfield code='8'>23305188820003811</subfield><subfield code='a'>0</subfield><subfield code='q'>2017-06-20 10:41:06</subfield><subfield code='i'>G587.C48 1996</subfield><subfield code='d'>MAIN</subfield><subfield code='f'>MAIN</subfield></datafield></record>