
<record xmlns='http://www.loc.gov/MARC21/slim'><leader>02161cam a2200505 i 4500</leader><controlfield tag='005'>20180315214721.0</controlfield><controlfield tag='008'>121121t20132013cou      b    001 0 eng  </controlfield><controlfield tag='001'>991033858129703811</controlfield><datafield ind1=' ' ind2=' ' tag='010'><subfield code='a'>2012039108</subfield></datafield><datafield ind1=' ' ind2=' ' tag='020'><subfield code='a'>9781594518508 (hardcover : alk. paper)</subfield></datafield><datafield ind1=' ' ind2=' ' tag='020'><subfield code='a'>1594518505 (hardcover : alk. paper)</subfield></datafield><datafield ind1=' ' ind2=' ' tag='020'><subfield code='a'>9781594518515 (pbk. : alk. paper)</subfield></datafield><datafield ind1=' ' ind2=' ' tag='020'><subfield code='a'>1594518513 (pbk. : alk. paper)</subfield></datafield><datafield ind1='8' ind2=' ' tag='024'><subfield code='a'>40022068932</subfield></datafield><datafield ind1=' ' ind2=' ' tag='035'><subfield code='a'>(PPT)b54151478-01tuli_inst</subfield></datafield><datafield ind1=' ' ind2=' ' tag='035'><subfield code='a'>(OCoLC)ocn842352559</subfield><subfield code='9'>ExL</subfield></datafield><datafield ind1=' ' ind2=' ' tag='035'><subfield code='a'>(OCoLC)714715788</subfield><subfield code='z'>(OCoLC)816032208</subfield></datafield><datafield ind1=' ' ind2=' ' tag='035'><subfield code='a'>ocn714715788</subfield></datafield><datafield ind1=' ' ind2=' ' tag='035'><subfield code='a'>(OCLC)ocn714715788</subfield></datafield><datafield ind1=' ' ind2=' ' tag='040'><subfield code='a'>DLC</subfield><subfield code='b'>eng</subfield><subfield code='e'>rda</subfield><subfield code='c'>DLC</subfield><subfield code='d'>YDX</subfield><subfield code='d'>BTCTA</subfield><subfield code='d'>YDXCP</subfield><subfield code='d'>OCLCO</subfield><subfield code='d'>BWX</subfield><subfield code='d'>CDX</subfield><subfield code='d'>YUS</subfield></datafield><datafield ind1=' ' ind2=' ' tag='042'><subfield code='a'>pcc</subfield></datafield><datafield ind1=' ' ind2=' ' tag='043'><subfield code='a'>n-us---</subfield></datafield><datafield ind1=' ' ind2=' ' tag='079'><subfield code='a'>ocn714715788</subfield></datafield><datafield ind1=' ' ind2=' ' tag='090'><subfield code='a'>JK511</subfield><subfield code='b'>.H45 2013</subfield></datafield><datafield ind1='1' ind2=' ' tag='100'><subfield code='a'>Heith, Diane J.,</subfield><subfield code='e'>author.</subfield></datafield><datafield ind1='1' ind2='4' tag='245'><subfield code='a'>The presidential road show :</subfield><subfield code='b'>public leadership in an era of party polarization and media fragmentation /</subfield><subfield code='c'>Diane J. Heith.</subfield></datafield><datafield ind1=' ' ind2='1' tag='264'><subfield code='a'>Boulder :</subfield><subfield code='b'>Paradigm Publishers,</subfield><subfield code='c'>[2013]</subfield></datafield><datafield ind1=' ' ind2='4' tag='264'><subfield code='c'>©2013</subfield></datafield><datafield ind1=' ' ind2=' ' tag='300'><subfield code='a'>xiv, 193 pages ;</subfield><subfield code='c'>24 cm.</subfield></datafield><datafield ind1=' ' ind2=' ' tag='336'><subfield code='a'>text</subfield><subfield code='2'>rdacontent</subfield></datafield><datafield ind1=' ' ind2=' ' tag='337'><subfield code='a'>unmediated</subfield><subfield code='2'>rdamedia</subfield></datafield><datafield ind1=' ' ind2=' ' tag='338'><subfield code='a'>volume</subfield><subfield code='2'>rdacarrier</subfield></datafield><datafield ind1='0' ind2=' ' tag='490'><subfield code='a'>Media and power series</subfield></datafield><datafield ind1=' ' ind2=' ' tag='504'><subfield code='a'>Includes bibliographical references (pages 179-186) and index.</subfield></datafield><datafield ind1='0' ind2=' ' tag='505'><subfield code='a'>Redefining presidential leadership -- The depth and breadth of national leadership -- A national president: Bill Clinton -- A constrained president: George W. Bush -- An obstructed president: Barack Obama -- Changing tactics, improving outcomes -- Alternate models of leadership -- Presidential leadership for the 21st century.</subfield></datafield><datafield ind1=' ' ind2='0' tag='650'><subfield code='a'>Presidents</subfield><subfield code='z'>United States</subfield><subfield code='x'>History</subfield><subfield code='y'>21st century.</subfield></datafield><datafield ind1=' ' ind2='0' tag='650'><subfield code='a'>Presidents</subfield><subfield code='z'>United States</subfield><subfield code='x'>History</subfield><subfield code='y'>20th century.</subfield></datafield><datafield ind1=' ' ind2='0' tag='650'><subfield code='a'>Political leadership</subfield><subfield code='z'>United States</subfield><subfield code='x'>History</subfield><subfield code='y'>21st century.</subfield></datafield><datafield ind1=' ' ind2='0' tag='650'><subfield code='a'>Political leadership</subfield><subfield code='z'>United States</subfield><subfield code='x'>History</subfield><subfield code='y'>20th century.</subfield></datafield><datafield ind1=' ' ind2='0' tag='651'><subfield code='a'>United States</subfield><subfield code='x'>Politics and government</subfield><subfield code='y'>1989-</subfield></datafield><datafield ind1=' ' ind2=' ' tag='907'><subfield code='a'>.b54151478</subfield><subfield code='b'>p    </subfield><subfield code='c'>-</subfield></datafield><datafield ind1=' ' ind2=' ' tag='945'><subfield code='l'>pstk </subfield><subfield code='g'>1</subfield></datafield><datafield ind1=' ' ind2=' ' tag='979'><subfield code='a'>ocn714715788</subfield></datafield><datafield ind1=' ' ind2=' ' tag='998'><subfield code='b'>1</subfield><subfield code='c'>130426</subfield><subfield code='d'>m</subfield><subfield code='e'>a</subfield><subfield code='f'>-</subfield><subfield code='g'>4</subfield></datafield><datafield ind1=' ' ind2=' ' tag='998'><subfield code='b'>1</subfield><subfield code='c'>130426</subfield><subfield code='d'>m</subfield><subfield code='e'>a</subfield><subfield code='f'>-</subfield><subfield code='g'>4</subfield></datafield><datafield ind1=' ' ind2=' ' tag='ADM'><subfield code='b'>2018-03-16 01:47:21</subfield><subfield code='e'>b54151478-01tuli_inst</subfield><subfield code='d'>ILS</subfield><subfield code='a'>2017-06-20 10:09:53</subfield><subfield code='c'>false</subfield></datafield><datafield ind1='0' ind2=' ' tag='HLD'><subfield code='b'>MAIN</subfield><subfield code='c'>stacks</subfield><subfield code='h'>JK511</subfield><subfield code='i'>.H45 2013</subfield><subfield code='8'>22300468020003811</subfield></datafield><datafield ind1=' ' ind2=' ' tag='ITM'><subfield code='r'>22300468020003811</subfield><subfield code='b'>1</subfield><subfield code='h'>0</subfield><subfield code='g'>stacks</subfield><subfield code='t'>BOOK</subfield><subfield code='9'>39074026038257</subfield><subfield code='e'>stacks</subfield><subfield code='8'>23300468010003811</subfield><subfield code='a'>0</subfield><subfield code='q'>2017-06-20 10:09:53</subfield><subfield code='i'>JK511 .H45 2013</subfield><subfield code='d'>MAIN</subfield><subfield code='f'>MAIN</subfield></datafield></record>