
<record xmlns='http://www.loc.gov/MARC21/slim'><leader>01404pam a2200433 a 4500</leader><controlfield tag='005'>20170825233115.0</controlfield><controlfield tag='008'>030319s2003    ctu      b    001 0 eng  </controlfield><controlfield tag='001'>991035506089703811</controlfield><datafield ind1=' ' ind2=' ' tag='010'><subfield code='a'>2003048221</subfield></datafield><datafield ind1=' ' ind2=' ' tag='020'><subfield code='a'>0275978575 (alk. paper)</subfield></datafield><datafield ind1=' ' ind2=' ' tag='035'><subfield code='a'>(PPT)b26697920-01tuli_inst</subfield></datafield><datafield ind1=' ' ind2=' ' tag='035'><subfield code='a'>(DLC)ocn489508907</subfield><subfield code='9'>ExL</subfield></datafield><datafield ind1=' ' ind2=' ' tag='035'><subfield code='a'>DLC  2003048221</subfield></datafield><datafield ind1=' ' ind2=' ' tag='035'><subfield code='a'>ocm51936809</subfield></datafield><datafield ind1=' ' ind2=' ' tag='035'><subfield code='a'>(OCLC)ocm51936809</subfield></datafield><datafield ind1=' ' ind2=' ' tag='040'><subfield code='a'>DLC</subfield><subfield code='c'>DLC</subfield><subfield code='d'>OrLoB</subfield></datafield><datafield ind1=' ' ind2=' ' tag='042'><subfield code='a'>pcc</subfield></datafield><datafield ind1=' ' ind2=' ' tag='043'><subfield code='a'>a-af---</subfield></datafield><datafield ind1=' ' ind2=' ' tag='079'><subfield code='a'>ocm51936809</subfield></datafield><datafield ind1=' ' ind2=' ' tag='090'><subfield code='a'>DS371.4</subfield><subfield code='b'>.P45 2003</subfield></datafield><datafield ind1='1' ind2=' ' tag='100'><subfield code='a'>Peimani, Hooman,</subfield><subfield code='d'>1957-</subfield></datafield><datafield ind1='1' ind2='0' tag='245'><subfield code='a'>Falling terrorism and rising conflicts :</subfield><subfield code='b'>the Afghan &quot;contribution&quot; to polarization and confrontation in West and South Asia /</subfield><subfield code='c'>Hooman Peimani.</subfield></datafield><datafield ind1='3' ind2='0' tag='246'><subfield code='a'>Afghan &quot;Contribution&quot; to polarization and confrontation in West and South Asia</subfield></datafield><datafield ind1=' ' ind2=' ' tag='260'><subfield code='a'>Westport, Conn. ;</subfield><subfield code='a'>London :</subfield><subfield code='b'>Praeger,</subfield><subfield code='c'>2003.</subfield></datafield><datafield ind1=' ' ind2=' ' tag='300'><subfield code='a'>150 p. ;</subfield><subfield code='c'>25 cm.</subfield></datafield><datafield ind1=' ' ind2=' ' tag='504'><subfield code='a'>Includes bibliographical references (p. [137]-141) and index.</subfield></datafield><datafield ind1=' ' ind2='0' tag='651'><subfield code='a'>Afghanistan</subfield><subfield code='x'>History</subfield><subfield code='y'>2001-</subfield></datafield><datafield ind1=' ' ind2='0' tag='650'><subfield code='a'>War on Terrorism, 2001-2009</subfield></datafield><datafield ind1=' ' ind2='0' tag='650'><subfield code='a'>World politics</subfield><subfield code='y'>1989-</subfield></datafield><datafield ind1=' ' ind2='0' tag='650'><subfield code='a'>Terrorism.</subfield></datafield><datafield ind1=' ' ind2=' ' tag='901'><subfield code='a'>BNA</subfield></datafield><datafield ind1=' ' ind2=' ' tag='901'><subfield code='a'>R1395383</subfield></datafield><datafield ind1=' ' ind2=' ' tag='902'><subfield code='a'>110512</subfield></datafield><datafield ind1=' ' ind2=' ' tag='902'><subfield code='a'>031011AB0701</subfield></datafield><datafield ind1=' ' ind2=' ' tag='907'><subfield code='a'>.b26697920</subfield><subfield code='b'>p    </subfield><subfield code='c'>-</subfield></datafield><datafield ind1=' ' ind2=' ' tag='945'><subfield code='l'>pstk </subfield><subfield code='g'>1</subfield></datafield><datafield ind1=' ' ind2=' ' tag='979'><subfield code='a'>ocm51936809</subfield></datafield><datafield ind1=' ' ind2=' ' tag='998'><subfield code='b'>1</subfield><subfield code='c'>031028</subfield><subfield code='d'>m</subfield><subfield code='e'>a</subfield><subfield code='f'>-</subfield><subfield code='g'>0</subfield></datafield><datafield ind1=' ' ind2=' ' tag='998'><subfield code='b'>1</subfield><subfield code='c'>031028</subfield><subfield code='d'>m</subfield><subfield code='e'>a</subfield><subfield code='f'>-</subfield><subfield code='g'>0</subfield></datafield><datafield ind1=' ' ind2=' ' tag='ADM'><subfield code='b'>2017-08-26 03:31:15</subfield><subfield code='e'>b26697920-01tuli_inst</subfield><subfield code='d'>ILS</subfield><subfield code='a'>2017-06-20 07:07:50</subfield><subfield code='c'>false</subfield></datafield><datafield ind1='0' ind2=' ' tag='HLD'><subfield code='b'>MAIN</subfield><subfield code='c'>stacks</subfield><subfield code='h'>DS371.4</subfield><subfield code='i'>.P45 2003</subfield><subfield code='8'>22261397450003811</subfield></datafield><datafield ind1=' ' ind2=' ' tag='ITM'><subfield code='r'>22261397450003811</subfield><subfield code='b'>1</subfield><subfield code='h'>0</subfield><subfield code='g'>stacks</subfield><subfield code='t'>BOOK</subfield><subfield code='9'>39074016305492</subfield><subfield code='e'>stacks</subfield><subfield code='8'>23261397430003811</subfield><subfield code='a'>0</subfield><subfield code='q'>2017-06-20 07:07:50</subfield><subfield code='i'>DS371.4 .P45 2003</subfield><subfield code='d'>MAIN</subfield><subfield code='f'>MAIN</subfield></datafield></record>