
<record xmlns='http://www.loc.gov/MARC21/slim'><leader>01205nam  22003014a 4500</leader><controlfield tag='001'>991036898218903811</controlfield><controlfield tag='005'>20170815152812.0</controlfield><controlfield tag='006'>m     o  d |      </controlfield><controlfield tag='007'>cr -n---------</controlfield><controlfield tag='008'>030319s2003    ctu     ob    001 0 eng  </controlfield><datafield ind1=' ' ind2=' ' tag='020'><subfield code='a'>1-280-46910-2</subfield></datafield><datafield ind1=' ' ind2=' ' tag='020'><subfield code='a'>9786610469109</subfield></datafield><datafield ind1=' ' ind2=' ' tag='020'><subfield code='a'>0-313-01561-9</subfield></datafield><datafield ind1=' ' ind2=' ' tag='035'><subfield code='a'>(CKB)1000000000444064</subfield></datafield><datafield ind1=' ' ind2=' ' tag='035'><subfield code='a'>(EBL)492204</subfield></datafield><datafield ind1=' ' ind2=' ' tag='035'><subfield code='a'>(OCoLC)57370799</subfield></datafield><datafield ind1=' ' ind2=' ' tag='035'><subfield code='a'>(SSID)ssj0000153170</subfield></datafield><datafield ind1=' ' ind2=' ' tag='035'><subfield code='a'>(PQKBManifestationID)11154298</subfield></datafield><datafield ind1=' ' ind2=' ' tag='035'><subfield code='a'>(PQKBTitleCode)TC0000153170</subfield></datafield><datafield ind1=' ' ind2=' ' tag='035'><subfield code='a'>(PQKBWorkID)10392585</subfield></datafield><datafield ind1=' ' ind2=' ' tag='035'><subfield code='a'>(PQKB)10267727</subfield></datafield><datafield ind1=' ' ind2=' ' tag='035'><subfield code='a'>(MiAaPQ)EBC492204</subfield></datafield><datafield ind1=' ' ind2=' ' tag='035'><subfield code='a'>(EXLCZ)991000000000444064</subfield></datafield><datafield ind1=' ' ind2=' ' tag='040'><subfield code='a'>MiAaPQ</subfield><subfield code='c'>MiAaPQ</subfield><subfield code='d'>MiAaPQ</subfield></datafield><datafield ind1=' ' ind2=' ' tag='041'><subfield code='a'>eng</subfield></datafield><datafield ind1=' ' ind2=' ' tag='043'><subfield code='a'>a-af---</subfield></datafield><datafield ind1=' ' ind2='4' tag='050'><subfield code='a'>DS371.4</subfield><subfield code='b'>.P45 2003</subfield></datafield><datafield ind1='0' ind2='0' tag='082'><subfield code='a'>958.104/6</subfield></datafield><datafield ind1='1' ind2=' ' tag='100'><subfield code='a'>Peimani, Hooman,</subfield><subfield code='d'>1957-</subfield></datafield><datafield ind1='1' ind2='0' tag='245'><subfield code='a'>Falling terrorism and rising conflicts</subfield><subfield code='h'>[electronic resource] :</subfield><subfield code='b'>the Afghan &quot;Contribution&quot; to polarization and confrontation in West and South Asia /</subfield><subfield code='c'>Hooman Peimani.</subfield></datafield><datafield ind1=' ' ind2=' ' tag='260'><subfield code='a'>Westport, Conn. ;</subfield><subfield code='a'>London :</subfield><subfield code='b'>Praeger,</subfield><subfield code='c'>2003.</subfield></datafield><datafield ind1=' ' ind2=' ' tag='300'><subfield code='a'>1 online resource (161 p.)</subfield></datafield><datafield ind1=' ' ind2=' ' tag='336'><subfield code='a'>text</subfield><subfield code='b'>txt</subfield></datafield><datafield ind1=' ' ind2=' ' tag='337'><subfield code='a'>computer</subfield><subfield code='b'>c</subfield></datafield><datafield ind1=' ' ind2=' ' tag='338'><subfield code='a'>online resource</subfield><subfield code='b'>cr</subfield></datafield><datafield ind1=' ' ind2=' ' tag='500'><subfield code='a'>Description based upon print version of record.</subfield></datafield><datafield ind1='0' ind2=' ' tag='505'><subfield code='a'>2888-FM; 2888-Ch01; 2888-Ch02; 2888-Ch03; 2888-Ch04; 2888-Ch05; 2888-Bib; 2888-Index; 2888-ATA</subfield></datafield><datafield ind1=' ' ind2=' ' tag='520'><subfield code='a'>Analyzes the long-term impact of the fall of the Taliban not only on Afghanistan, but also on the South and West Asia regions.</subfield></datafield><datafield ind1=' ' ind2=' ' tag='546'><subfield code='a'>English</subfield></datafield><datafield ind1=' ' ind2=' ' tag='504'><subfield code='a'>Includes bibliographical references (p. [137]-141) and index.</subfield></datafield><datafield ind1=' ' ind2='0' tag='650'><subfield code='a'>War on Terrorism, 2001-2009.</subfield></datafield><datafield ind1=' ' ind2='0' tag='650'><subfield code='a'>World politics</subfield><subfield code='y'>1989-</subfield></datafield><datafield ind1=' ' ind2='0' tag='650'><subfield code='a'>Terrorism.</subfield></datafield><datafield ind1=' ' ind2='4' tag='655'><subfield code='a'>Electronic books.</subfield></datafield><datafield ind1=' ' ind2='0' tag='651'><subfield code='a'>Afghanistan</subfield><subfield code='x'>History</subfield><subfield code='y'>2001-</subfield></datafield><datafield ind1=' ' ind2=' ' tag='776'><subfield code='z'>0-275-97857-5</subfield></datafield><datafield ind1=' ' ind2=' ' tag='906'><subfield code='a'>BOOK</subfield></datafield><datafield ind1=' ' ind2=' ' tag='PRT'><subfield code='a'>53420210850003811</subfield><subfield code='b'>https://sandbox01-na.alma.exlibrisgroup.com/view/uresolver/01TULI_INST/openurl?u.ignore_date_coverage=true&amp;rft.mms_id=991036898218903811</subfield><subfield code='e'>Ebook Central</subfield><subfield code='c'>Ebook Central Academic Complete</subfield><subfield code='h'>614200000000000002</subfield><subfield code='8'>53420210850003811</subfield></datafield><datafield ind1=' ' ind2=' ' tag='PRT'><subfield code='a'>53423827340003811</subfield><subfield code='b'>https://sandbox01-na.alma.exlibrisgroup.com/view/uresolver/01TULI_INST/openurl?u.ignore_date_coverage=true&amp;rft.mms_id=991036898218903811</subfield><subfield code='e'>Ebook Central</subfield><subfield code='c'>Ebook Central College Complete</subfield><subfield code='h'>614330000000000032</subfield><subfield code='8'>53423827340003811</subfield></datafield></record>