
<record xmlns='http://www.loc.gov/MARC21/slim'><leader>02801cam a2200541 i 4500</leader><controlfield tag='005'>20180205130225.0</controlfield><controlfield tag='008'>161021t20172017ilua     b    001 0 eng  </controlfield><controlfield tag='001'>991036829038903811</controlfield><datafield ind1=' ' ind2=' ' tag='010'><subfield code='a'>  2016048672</subfield></datafield><datafield ind1=' ' ind2=' ' tag='019'><subfield code='a'>980938722</subfield></datafield><datafield ind1=' ' ind2=' ' tag='020'><subfield code='a'>9780226455846</subfield><subfield code='q'>hardcover</subfield><subfield code='q'>alkaline paper</subfield></datafield><datafield ind1=' ' ind2=' ' tag='020'><subfield code='a'>022645584X</subfield><subfield code='q'>hardcover</subfield><subfield code='q'>alkaline paper</subfield></datafield><datafield ind1=' ' ind2=' ' tag='020'><subfield code='a'>9780226455983</subfield><subfield code='q'>paperback</subfield><subfield code='q'>alkaline paper</subfield></datafield><datafield ind1=' ' ind2=' ' tag='020'><subfield code='a'>022645598X</subfield><subfield code='q'>paperback</subfield><subfield code='q'>alkaline paper</subfield></datafield><datafield ind1=' ' ind2=' ' tag='020'><subfield code='z'>9780226456034</subfield><subfield code='q'>electronic book</subfield></datafield><datafield ind1='8' ind2=' ' tag='024'><subfield code='a'>40027132761</subfield></datafield><datafield ind1=' ' ind2=' ' tag='035'><subfield code='a'>(OCoLC)958781128</subfield></datafield><datafield ind1=' ' ind2=' ' tag='040'><subfield code='a'>ICU/DLC</subfield><subfield code='b'>eng</subfield><subfield code='e'>rda</subfield><subfield code='c'>CGU</subfield><subfield code='d'>DLC</subfield><subfield code='d'>YDX</subfield><subfield code='d'>BDX</subfield><subfield code='d'>OCLCO</subfield><subfield code='d'>YDX</subfield><subfield code='d'>VP@</subfield><subfield code='d'>CUI</subfield><subfield code='d'>CGU</subfield><subfield code='d'>YUS</subfield><subfield code='d'>IGA</subfield><subfield code='d'>OCLCF</subfield></datafield><datafield ind1=' ' ind2=' ' tag='042'><subfield code='a'>pcc</subfield></datafield><datafield ind1=' ' ind2=' ' tag='043'><subfield code='a'>n-us---</subfield></datafield><datafield ind1='0' ind2='0' tag='050'><subfield code='a'>JK1021</subfield><subfield code='b'>.R36 2017</subfield></datafield><datafield ind1='0' ind2='0' tag='082'><subfield code='a'>328.73</subfield><subfield code='2'>23</subfield></datafield><datafield ind1='1' ind2=' ' tag='100'><subfield code='a'>Ramey, Adam J.,</subfield><subfield code='e'>author.</subfield></datafield><datafield ind1='1' ind2='0' tag='245'><subfield code='a'>More than a feeling :</subfield><subfield code='b'>personality, polarization, and the transformation of the U.S. Congress /</subfield><subfield code='c'>Adam J. Ramey, Jonathan D. Klingler, Gary E. Hollibaugh, Jr.</subfield></datafield><datafield ind1=' ' ind2='1' tag='264'><subfield code='a'>Chicago :</subfield><subfield code='b'>The University of Chicago Press,</subfield><subfield code='c'>2017.</subfield></datafield><datafield ind1=' ' ind2='4' tag='264'><subfield code='c'>©2017</subfield></datafield><datafield ind1=' ' ind2=' ' tag='300'><subfield code='a'>xviii, 244 pages :</subfield><subfield code='b'>illustrations ;</subfield><subfield code='c'>24 cm</subfield></datafield><datafield ind1=' ' ind2=' ' tag='336'><subfield code='a'>text</subfield><subfield code='b'>txt</subfield><subfield code='2'>rdacontent</subfield></datafield><datafield ind1=' ' ind2=' ' tag='337'><subfield code='a'>unmediated</subfield><subfield code='b'>n</subfield><subfield code='2'>rdamedia</subfield></datafield><datafield ind1=' ' ind2=' ' tag='338'><subfield code='a'>volume</subfield><subfield code='b'>nc</subfield><subfield code='2'>rdacarrier</subfield></datafield><datafield ind1=' ' ind2=' ' tag='504'><subfield code='a'>Includes bibliographical references and index.</subfield></datafield><datafield ind1='0' ind2=' ' tag='505'><subfield code='a'>Foundations. Introduction ; Modeling individual differences: translating personality traits into mathematical parameters ; Read my lips: measuring personality through legislative speech -- Revisiting the Textbook Congress. Securing reelection: deterrence and disbursements ; Committee assignments ; Proposing and passing legislation ; Cooperation, obstruction, and party discipline: shifting norms in the US Congress ; Media presence and home style ; Moving on -- Bringing it all together. More than a conclusion: personality, politics, and polarization.</subfield></datafield><datafield ind1='1' ind2='0' tag='610'><subfield code='a'>United States.</subfield><subfield code='b'>Congress</subfield><subfield code='x'>Decision making</subfield><subfield code='x'>Psychological aspects.</subfield></datafield><datafield ind1='1' ind2='7' tag='610'><subfield code='a'>United States.</subfield><subfield code='b'>Congress.</subfield><subfield code='2'>fast</subfield><subfield code='0'>(OCoLC)fst00529490</subfield></datafield><datafield ind1=' ' ind2='0' tag='650'><subfield code='a'>Legislation</subfield><subfield code='z'>United States</subfield><subfield code='x'>Psychological aspects.</subfield></datafield><datafield ind1=' ' ind2='0' tag='650'><subfield code='a'>Legislators</subfield><subfield code='z'>United States</subfield><subfield code='x'>Psychology.</subfield></datafield><datafield ind1=' ' ind2='7' tag='650'><subfield code='a'>Decision making</subfield><subfield code='x'>Psychological aspects.</subfield><subfield code='2'>fast</subfield><subfield code='0'>(OCoLC)fst00889058</subfield></datafield><datafield ind1=' ' ind2='7' tag='650'><subfield code='a'>Legislation</subfield><subfield code='x'>Psychological aspects.</subfield><subfield code='2'>fast</subfield><subfield code='0'>(OCoLC)fst00995668</subfield></datafield><datafield ind1=' ' ind2='7' tag='650'><subfield code='a'>Legislators</subfield><subfield code='x'>Psychology.</subfield><subfield code='2'>fast</subfield><subfield code='0'>(OCoLC)fst00995865</subfield></datafield><datafield ind1=' ' ind2='7' tag='651'><subfield code='a'>United States.</subfield><subfield code='2'>fast</subfield><subfield code='0'>(OCoLC)fst01204155</subfield></datafield><datafield ind1='1' ind2=' ' tag='700'><subfield code='a'>Klingler, Jonathan D.,</subfield><subfield code='e'>author.</subfield></datafield><datafield ind1='1' ind2=' ' tag='700'><subfield code='a'>Hollibaugh, Gary E.,</subfield><subfield code='c'>Jr.,</subfield><subfield code='e'>author.</subfield></datafield><datafield ind1=' ' ind2='1' tag='945'><subfield code='i'>39074030244149</subfield><subfield code='k'>MAIN</subfield><subfield code='l'>stacks</subfield><subfield code='a'>JK1021</subfield><subfield code='b'>.R36 2017</subfield><subfield code='z'>090</subfield></datafield><datafield ind1=' ' ind2=' ' tag='960'><subfield code='k'>MAIN</subfield><subfield code='l'>stacks</subfield></datafield><datafield ind1=' ' ind2=' ' tag='979'><subfield code='a'>(OCoLC)958781128</subfield></datafield><datafield ind1=' ' ind2=' ' tag='980'><subfield code='a'>08-02-17</subfield><subfield code='b'>3300</subfield><subfield code='e'>3300</subfield><subfield code='f'>I20103973</subfield></datafield><datafield ind1=' ' ind2=' ' tag='981'><subfield code='a'>Coutt</subfield><subfield code='b'>ctssa</subfield><subfield code='d'>35849071</subfield><subfield code='e'>SLI</subfield><subfield code='k'>MAIN</subfield><subfield code='l'>stacks</subfield></datafield><datafield ind1=' ' ind2=' ' tag='997'><subfield code='a'>20170817153723.0</subfield><subfield code='c'>COUTTS SR</subfield><subfield code='e'>MARCIVE</subfield><subfield code='e'>WCAT</subfield><subfield code='d'>TEU</subfield></datafield><datafield ind1=' ' ind2=' ' tag='ADM'><subfield code='b'>2018-03-25 09:19:10</subfield><subfield code='e'>ocn958781128</subfield><subfield code='d'>OCLC</subfield><subfield code='f'>20171120132416.0</subfield><subfield code='a'>2017-08-11 15:46:48</subfield><subfield code='c'>false</subfield></datafield><datafield ind1='0' ind2=' ' tag='HLD'><subfield code='b'>MAIN</subfield><subfield code='c'>stacks</subfield><subfield code='h'>JK1021</subfield><subfield code='i'>.R36 2017</subfield><subfield code='8'>22399340180003811</subfield></datafield><datafield ind1='0' ind2=' ' tag='HLD'><subfield code='b'>JAPAN</subfield><subfield code='c'>stacks</subfield><subfield code='h'>JK1021</subfield><subfield code='i'>.R36 2017</subfield><subfield code='8'>22415349820003811</subfield></datafield><datafield ind1=' ' ind2=' ' tag='ITM'><subfield code='r'>22399340180003811</subfield><subfield code='b'>1</subfield><subfield code='h'>0</subfield><subfield code='g'>stacks</subfield><subfield code='t'>BOOK</subfield><subfield code='9'>39074030244149</subfield><subfield code='e'>stacks</subfield><subfield code='l'>0</subfield><subfield code='8'>23399340160003811</subfield><subfield code='j'>0</subfield><subfield code='a'>0</subfield><subfield code='q'>2017-08-11 15:47:22</subfield><subfield code='i'>JK1021 .R36 2017</subfield><subfield code='d'>MAIN</subfield><subfield code='f'>MAIN</subfield></datafield><datafield ind1=' ' ind2=' ' tag='ITM'><subfield code='r'>22415349820003811</subfield><subfield code='b'>1</subfield><subfield code='h'>0</subfield><subfield code='g'>stacks</subfield><subfield code='t'>BOOK</subfield><subfield code='9'>31982070501608</subfield><subfield code='e'>stacks</subfield><subfield code='8'>23415349810003811</subfield><subfield code='a'>0</subfield><subfield code='q'>2018-04-09 01:45:24</subfield><subfield code='i'>JK1021 .R36 2017</subfield><subfield code='d'>JAPAN</subfield><subfield code='f'>JAPAN</subfield></datafield></record>