
<record xmlns='http://www.loc.gov/MARC21/slim'><leader>05071nam a22006733u 4500</leader><controlfield tag='001'>991036742856703811</controlfield><controlfield tag='005'>20170816122152.0</controlfield><controlfield tag='006'>m        d        </controlfield><controlfield tag='007'>cr -n---------</controlfield><controlfield tag='008'>130418s2007|||||||     s|||||||||||eng|d</controlfield><datafield ind1=' ' ind2=' ' tag='020'><subfield code='a'>1-283-37880-9</subfield></datafield><datafield ind1=' ' ind2=' ' tag='020'><subfield code='a'>9786613378804</subfield></datafield><datafield ind1=' ' ind2=' ' tag='020'><subfield code='a'>1-84331-888-1</subfield></datafield><datafield ind1=' ' ind2=' ' tag='035'><subfield code='a'>(CKB)2670000000044557</subfield></datafield><datafield ind1=' ' ind2=' ' tag='035'><subfield code='a'>(EBL)840477</subfield></datafield><datafield ind1=' ' ind2=' ' tag='035'><subfield code='a'>(OCoLC)741613238</subfield></datafield><datafield ind1=' ' ind2=' ' tag='035'><subfield code='a'>(SSID)ssj0000519463</subfield></datafield><datafield ind1=' ' ind2=' ' tag='035'><subfield code='a'>(PQKBManifestationID)12179594</subfield></datafield><datafield ind1=' ' ind2=' ' tag='035'><subfield code='a'>(PQKBTitleCode)TC0000519463</subfield></datafield><datafield ind1=' ' ind2=' ' tag='035'><subfield code='a'>(PQKBWorkID)10497609</subfield></datafield><datafield ind1=' ' ind2=' ' tag='035'><subfield code='a'>(PQKB)10143142</subfield></datafield><datafield ind1=' ' ind2=' ' tag='035'><subfield code='a'>(UkCbUP)CR9781843318880</subfield></datafield><datafield ind1=' ' ind2=' ' tag='035'><subfield code='a'>(EXLCZ)992670000000044557</subfield></datafield><datafield ind1=' ' ind2=' ' tag='040'><subfield code='a'>AU-PeEL</subfield><subfield code='b'>eng</subfield><subfield code='c'>AU-PeEL</subfield><subfield code='d'>AU-PeEL</subfield></datafield><datafield ind1=' ' ind2=' ' tag='041'><subfield code='a'>eng</subfield></datafield><datafield ind1=' ' ind2='4' tag='050'><subfield code='a'>HB501 .P26 2007</subfield></datafield><datafield ind1='0' ind2='0' tag='082'><subfield code='a'>330.122</subfield></datafield><datafield ind1='1' ind2=' ' tag='100'><subfield code='a'>Albritton, Robert.</subfield></datafield><datafield ind1=' ' ind2=' ' tag='210'><subfield code='a'>Political economy and global capitalism </subfield></datafield><datafield ind1='1' ind2='0' tag='245'><subfield code='a'>Political Economy and Global Capitalism</subfield><subfield code='h'>[electronic resource] :</subfield><subfield code='b'>The 21st Century, Present and Future</subfield></datafield><datafield ind1=' ' ind2=' ' tag='246'><subfield code='a'>Anthem Politics and International Relations </subfield></datafield><datafield ind1=' ' ind2='1' tag='264'><subfield code='a'>London :</subfield><subfield code='b'>Anthem Press,</subfield><subfield code='c'>2007.</subfield></datafield><datafield ind1=' ' ind2=' ' tag='300'><subfield code='a'>1 online resource (259 p.)</subfield></datafield><datafield ind1=' ' ind2=' ' tag='336'><subfield code='a'>text</subfield><subfield code='b'>txt</subfield></datafield><datafield ind1=' ' ind2=' ' tag='337'><subfield code='a'>computer</subfield><subfield code='b'>c</subfield></datafield><datafield ind1=' ' ind2=' ' tag='338'><subfield code='a'>online resource</subfield><subfield code='b'>cr</subfield></datafield><datafield ind1='1' ind2=' ' tag='490'><subfield code='a'>Anthem Politics and International Relations</subfield></datafield><datafield ind1=' ' ind2=' ' tag='500'><subfield code='a'>Description based upon print version of record.</subfield></datafield><datafield ind1='0' ind2=' ' tag='505'><subfield code='a'>Front Matter; Half Title; Other titles of interest; Title; Copyright; Contents; List of Abbreviations; Notes on the Contributors; Main Body; Introduction: Political Economy and Global Capitalism, by Robert Albritton, Bob Jessop and Richard Westra; References; Part I: Political Economy of the Present; Introduction; Chapter 1. Theorizing the Contemporary Wolrd: Robert Brenner, Giovanni Arrighi, David Harbey, by Moishe Postone; Notes; References; Chapter 2. Technological Dynamism and the Normative Justification of Global Capitalism, by Tony Smith; Global Justice and New Growth Theory</subfield></datafield><datafield ind1='8' ind2=' ' tag='505'><subfield code='a'>A Marxian Assessment of New Growth TheoryA Closing Conjecture; Notes; References; Chapter 3. Eating the Future: Capitalism out of Joint, by Robert Albritton; Themes from Capital&apos;s Inner Logic; Historical Analysis, Eating the Future; Conclusions; Notes; References; Chapter 4. What Follows Neo-Liberalism? The Deepening Contradictions of US Domination and the Struggle for a New Global Order, by Bob Jessop; Questions of Periodization; What is Neo-Liberalism; Neo-Liberalism and Economic Detirmination; The Ecological Dominance of the Economy</subfield></datafield><datafield ind1='8' ind2=' ' tag='505'><subfield code='a'>The Ecological Dominance of Capitalism vis-a-vis World SocietyThe Ecological Dominance of Financial Capital over Other Fractions of Capital; Conclusions; Notes; References; Chapter 5. Monetary Policy in the Neo-Liberal Transition: A Political Economy Critique of Keynesianism, Monetarism and Inflation Targeting, by Alfredo Saad-Filho; Keynesianism; The Keynesian Compact; Limitations and Crisis of Keynesianism; Austerity by Consent; Austerity Imposed: The Monetarist Experience; The Political Economy of Neo-liberalism; Foundations of Neo-liberalism; Outcomes and Limitations of Neo-liberalism</subfield></datafield><datafield ind1='8' ind2=' ' tag='505'><subfield code='a'>Monetary Policy for Mature Neo-liberalismCBI and IT; Performance of IT and CBI Regimes; Costs of the NMPC; Conclusion; Notes; References; Part II: Political Economy of a Progressive Global Future; Introduction; Chapter 6. Volatile, Uneven and Combined Capitalism, by Patrick Bond; Introduction; Stagnation, Volatility and Uneven Development; Accumulation by Dispossession and &apos;Combined&apos; Development; Deconstruction through Financial Volatility; Resistance via Decommodification/Deglobalization; Notes; References</subfield></datafield><datafield ind1='8' ind2=' ' tag='505'><subfield code='a'>Chapter 7. The Erosion of Non-Capitalist Institutions and the Reproduction of Capitalism, by David M KotzIntroduction; Non-capitalist Institutions and the Reproduction of Capitalism; The State; Families; Educational Institutions; Concluding Comments; Notes; References; Chapter 8. The Transformative Moment, by Julie Matthaei and Barbara Brandt; The Hierarchical Polarization Paradigm; Hierarchical Polarization Processes; Interdependence of the Various Hierarchical Polarization; Transformation of Hierarchical Polarization; The Seven Types of Transformative Processes; Notes; References</subfield></datafield><datafield ind1='8' ind2=' ' tag='505'><subfield code='a'>Chapter 9. Frontiers of Cadre Radicalization in Contemporary Capitalism, by Kees van der Pijl</subfield></datafield><datafield ind1=' ' ind2=' ' tag='520'><subfield code='a'>&apos;Political Economy and Global Capitalism&apos; is a timely and unique collection by a group of esteemed authors who explore the present and future of the global political economy.</subfield></datafield><datafield ind1=' ' ind2=' ' tag='546'><subfield code='a'>English</subfield></datafield><datafield ind1=' ' ind2='4' tag='650'><subfield code='a'>Capitalism.</subfield></datafield><datafield ind1=' ' ind2='4' tag='650'><subfield code='a'>Economic development.</subfield></datafield><datafield ind1=' ' ind2='4' tag='650'><subfield code='a'>Globalization -- Economic aspects.</subfield></datafield><datafield ind1=' ' ind2='0' tag='655'><subfield code='a'>Electronic books.</subfield></datafield><datafield ind1=' ' ind2='0' tag='650'><subfield code='a'>Capitalism</subfield><subfield code='x'>Economic aspects</subfield></datafield><datafield ind1=' ' ind2='0' tag='650'><subfield code='a'>Economic development</subfield></datafield><datafield ind1=' ' ind2='0' tag='650'><subfield code='a'>Globalization</subfield></datafield><datafield ind1=' ' ind2='7' tag='650'><subfield code='a'>Business &amp; Economics</subfield><subfield code='2'>HILCC</subfield></datafield><datafield ind1=' ' ind2='7' tag='650'><subfield code='a'>Economic Theory</subfield><subfield code='2'>HILCC</subfield></datafield><datafield ind1='1' ind2=' ' tag='700'><subfield code='a'>Jessop, Bob.</subfield></datafield><datafield ind1='1' ind2=' ' tag='700'><subfield code='a'>Westra, Richard.</subfield></datafield><datafield ind1=' ' ind2=' ' tag='776'><subfield code='z'>1-84331-279-4</subfield></datafield><datafield ind1=' ' ind2='0' tag='830'><subfield code='a'>Anthem Politics and International Relations</subfield></datafield><datafield ind1=' ' ind2=' ' tag='906'><subfield code='a'>BOOK</subfield></datafield><datafield ind1=' ' ind2=' ' tag='PRT'><subfield code='a'>53394322770003811</subfield><subfield code='b'>https://sandbox01-na.alma.exlibrisgroup.com/view/uresolver/01TULI_INST/openurl?u.ignore_date_coverage=true&amp;rft.mms_id=991036742856703811</subfield><subfield code='e'>EBSCOhost</subfield><subfield code='c'>EBSCOhost Academic eBook Collection (North America)</subfield><subfield code='h'>613640000000000029</subfield><subfield code='8'>53394322770003811</subfield></datafield><datafield ind1=' ' ind2=' ' tag='PRT'><subfield code='a'>53422076930003811</subfield><subfield code='b'>https://sandbox01-na.alma.exlibrisgroup.com/view/uresolver/01TULI_INST/openurl?u.ignore_date_coverage=true&amp;rft.mms_id=991036742856703811</subfield><subfield code='e'>Ebook Central</subfield><subfield code='c'>Ebook Central Academic Complete</subfield><subfield code='h'>614200000000000002</subfield><subfield code='8'>53422076930003811</subfield></datafield></record>