
<record xmlns='http://www.loc.gov/MARC21/slim'><leader>03046nam a22006013u 4500</leader><controlfield tag='001'>991036743363803811</controlfield><controlfield tag='005'>20170821174523.0</controlfield><controlfield tag='006'>m        d        </controlfield><controlfield tag='007'>cr -n---------</controlfield><controlfield tag='008'>151005s1996|||||||     s|||||||||||eng|d</controlfield><datafield ind1=' ' ind2=' ' tag='020'><subfield code='a'>0-7914-9590-6</subfield></datafield><datafield ind1=' ' ind2=' ' tag='035'><subfield code='a'>(CKB)2670000000233898</subfield></datafield><datafield ind1=' ' ind2=' ' tag='035'><subfield code='a'>(EBL)3408253</subfield></datafield><datafield ind1=' ' ind2=' ' tag='035'><subfield code='a'>(SSID)ssj0000269148</subfield></datafield><datafield ind1=' ' ind2=' ' tag='035'><subfield code='a'>(PQKBManifestationID)11192059</subfield></datafield><datafield ind1=' ' ind2=' ' tag='035'><subfield code='a'>(PQKBTitleCode)TC0000269148</subfield></datafield><datafield ind1=' ' ind2=' ' tag='035'><subfield code='a'>(PQKBWorkID)10246779</subfield></datafield><datafield ind1=' ' ind2=' ' tag='035'><subfield code='a'>(PQKB)10121669</subfield></datafield><datafield ind1=' ' ind2=' ' tag='035'><subfield code='a'>(EXLCZ)992670000000233898</subfield></datafield><datafield ind1=' ' ind2=' ' tag='040'><subfield code='a'>AU-PeEL</subfield><subfield code='b'>eng</subfield><subfield code='c'>AU-PeEL</subfield><subfield code='d'>AU-PeEL</subfield></datafield><datafield ind1=' ' ind2=' ' tag='041'><subfield code='a'>eng</subfield></datafield><datafield ind1=' ' ind2='4' tag='050'><subfield code='a'>DS119.2.B36 1996eb</subfield></datafield><datafield ind1='0' ind2='0' tag='082'><subfield code='a'>956.9405</subfield></datafield><datafield ind1='1' ind2=' ' tag='100'><subfield code='a'>Barzilai, Gad.</subfield></datafield><datafield ind1='1' ind2='0' tag='245'><subfield code='a'>Wars, Internal Conflictsnd Political Order</subfield><subfield code='h'>[electronic resource] :</subfield><subfield code='b'>A Jewish Democracy in the Middle East</subfield></datafield><datafield ind1=' ' ind2=' ' tag='246'><subfield code='a'>Wars, Internal Conflictsnd Political Order </subfield></datafield><datafield ind1=' ' ind2=' ' tag='246'><subfield code='a'>Wars, Internal Conflicts, and Political Order: A Jewish Democracy in the Middle East</subfield></datafield><datafield ind1=' ' ind2=' ' tag='246'><subfield code='a'>SUNY Series in Israeli Studies </subfield></datafield><datafield ind1=' ' ind2=' ' tag='260'><subfield code='a'>Albany :</subfield><subfield code='b'>State University of New York Press,</subfield><subfield code='c'>1996.</subfield></datafield><datafield ind1=' ' ind2=' ' tag='300'><subfield code='a'>1 online resource (315 p.)</subfield></datafield><datafield ind1=' ' ind2=' ' tag='336'><subfield code='a'>text</subfield><subfield code='b'>txt</subfield></datafield><datafield ind1=' ' ind2=' ' tag='337'><subfield code='a'>computer</subfield><subfield code='b'>c</subfield></datafield><datafield ind1=' ' ind2=' ' tag='338'><subfield code='a'>online resource</subfield><subfield code='b'>cr</subfield></datafield><datafield ind1='1' ind2=' ' tag='490'><subfield code='a'>SUNY Series in Israeli Studies</subfield></datafield><datafield ind1=' ' ind2=' ' tag='500'><subfield code='a'>Description based upon print version of record.</subfield></datafield><datafield ind1='0' ind2=' ' tag='505'><subfield code='a'>&quot;&quot;Front Matter&quot;&quot;; &quot;&quot;Front Cover&quot;&quot;; &quot;&quot;Half Title Page&quot;&quot;; &quot;&quot;Title Page&quot;&quot;; &quot;&quot;Copyright Page&quot;&quot;; &quot;&quot;Table Of Contents&quot;&quot;; &quot;&quot;Preface&quot;&quot;; &quot;&quot;Acknowledgments&quot;&quot;; &quot;&quot;Contents&quot;&quot;; &quot;&quot;A Conceptual Framework&quot;&quot;; &quot;&quot;Democracies in Wars and Severe National-Security Crises: Theoretical and Comparative Aspects&quot;&quot;; &quot;&quot;A Developing Democracy during the First Stages of Nation-Building&quot;&quot;; &quot;&quot;The Suez Campaign: Ideological Rift, Preemptive War, and a Dominant Party&quot;&quot;; &quot;&quot;The Six-Day War: Political Crisis and War of Consensus&quot;&quot;; &quot;&quot;Polyarchy during Territorial Status Quo&quot;&quot;; &quot;&quot;Dissent and Consensusin the War of Attrition&quot;&quot;</subfield></datafield><datafield ind1='8' ind2=' ' tag='505'><subfield code='a'>&quot;&quot;The Power Illusion Smashed and National Security Affairs (Partly) Democratized&quot;&quot;&quot;&quot;War of Initiative and Political Polarization&quot;&quot;; &quot;&quot;Israeli Society and Politics during the Gulf War&quot;&quot;; &quot;&quot;The Inter-Communal Conflict of the Intifada and the Israeli Regime (1987-93)&quot;&quot;; &quot;&quot;The Long-Term Effects of Wars and the Emergency Situation&quot;&quot;; &quot;&quot;Final Conclusions: Establishing a Civilian Society&quot;&quot;; &quot;&quot;Back Matter&quot;&quot;; &quot;&quot;Notes&quot;&quot;; &quot;&quot;Bibliography&quot;&quot;; &quot;&quot;Subject Index&quot;&quot;; &quot;&quot;Name Index&quot;&quot;; &quot;&quot;Back Cover&quot;&quot;</subfield></datafield><datafield ind1=' ' ind2=' ' tag='546'><subfield code='a'>English</subfield></datafield><datafield ind1=' ' ind2='4' tag='650'><subfield code='a'>Arab-Israeli conflict.</subfield></datafield><datafield ind1=' ' ind2='4' tag='650'><subfield code='a'>Democracy -- Israel.</subfield></datafield><datafield ind1=' ' ind2='4' tag='650'><subfield code='a'>Israel -- History, Military.</subfield></datafield><datafield ind1=' ' ind2='4' tag='650'><subfield code='a'>Politics and war.</subfield></datafield><datafield ind1=' ' ind2='4' tag='650'><subfield code='a'>War and society -- Israel.</subfield></datafield><datafield ind1=' ' ind2='0' tag='655'><subfield code='a'>Electronic books.</subfield></datafield><datafield ind1=' ' ind2='0' tag='650'><subfield code='a'>Arab-Israeli conflict</subfield><subfield code='z'>Israel</subfield></datafield><datafield ind1=' ' ind2='0' tag='650'><subfield code='a'>War and society</subfield><subfield code='z'>Israel</subfield></datafield><datafield ind1=' ' ind2='0' tag='650'><subfield code='a'>Politics and war</subfield></datafield><datafield ind1=' ' ind2='0' tag='650'><subfield code='a'>Democracy</subfield></datafield><datafield ind1=' ' ind2='7' tag='650'><subfield code='a'>Middle East</subfield><subfield code='2'>HILCC</subfield></datafield><datafield ind1=' ' ind2='7' tag='650'><subfield code='a'>Regions &amp; Countries - Asia &amp; the Middle East</subfield><subfield code='2'>HILCC</subfield></datafield><datafield ind1=' ' ind2='7' tag='650'><subfield code='a'>History &amp; Archaeology</subfield><subfield code='2'>HILCC</subfield></datafield><datafield ind1=' ' ind2=' ' tag='776'><subfield code='z'>0-7914-2943-1</subfield></datafield><datafield ind1=' ' ind2='0' tag='830'><subfield code='a'>SUNY Series in Israeli Studies</subfield></datafield><datafield ind1=' ' ind2=' ' tag='906'><subfield code='a'>BOOK</subfield></datafield><datafield ind1=' ' ind2=' ' tag='PRT'><subfield code='a'>53421508430003811</subfield><subfield code='b'>https://sandbox01-na.alma.exlibrisgroup.com/view/uresolver/01TULI_INST/openurl?u.ignore_date_coverage=true&amp;rft.mms_id=991036743363803811</subfield><subfield code='e'>Ebook Central</subfield><subfield code='c'>Ebook Central Academic Complete</subfield><subfield code='h'>614200000000000002</subfield><subfield code='8'>53421508430003811</subfield></datafield></record>