
<record xmlns='http://www.loc.gov/MARC21/slim'><leader>05606cam a2200601 i 4500</leader><controlfield tag='005'>20170826032258.0</controlfield><controlfield tag='008'>160811s2016    ksuab    b    001 0 eng  </controlfield><controlfield tag='001'>991029872869703811</controlfield><datafield ind1=' ' ind2=' ' tag='010'><subfield code='a'>2016026156</subfield></datafield><datafield ind1=' ' ind2=' ' tag='020'><subfield code='a'>9780700623266</subfield><subfield code='q'>hardcover</subfield></datafield><datafield ind1=' ' ind2=' ' tag='020'><subfield code='a'>0700623264</subfield><subfield code='q'>hardcover</subfield></datafield><datafield ind1=' ' ind2=' ' tag='020'><subfield code='a'>9780700623273</subfield><subfield code='q'>paperback</subfield></datafield><datafield ind1=' ' ind2=' ' tag='020'><subfield code='a'>0700623272</subfield><subfield code='q'>paperback</subfield></datafield><datafield ind1=' ' ind2=' ' tag='020'><subfield code='z'>9780700623280</subfield><subfield code='q'>electronic book</subfield></datafield><datafield ind1=' ' ind2=' ' tag='035'><subfield code='a'>(PPT)b6408355x-01tuli_inst</subfield></datafield><datafield ind1=' ' ind2=' ' tag='035'><subfield code='a'>(OCoLC)958087713</subfield><subfield code='z'>(OCoLC)947149000</subfield></datafield><datafield ind1=' ' ind2=' ' tag='035'><subfield code='a'>ocn958087713</subfield></datafield><datafield ind1=' ' ind2=' ' tag='035'><subfield code='a'>(OCLC)ocn958087713</subfield></datafield><datafield ind1=' ' ind2=' ' tag='040'><subfield code='a'>DLC</subfield><subfield code='b'>eng</subfield><subfield code='e'>rda</subfield><subfield code='c'>DLC</subfield><subfield code='d'>YDX</subfield><subfield code='d'>OCLCO</subfield><subfield code='d'>OCLCF</subfield><subfield code='d'>YDX</subfield></datafield><datafield ind1=' ' ind2=' ' tag='042'><subfield code='a'>pcc</subfield></datafield><datafield ind1=' ' ind2=' ' tag='043'><subfield code='a'>n-us---</subfield></datafield><datafield ind1=' ' ind2=' ' tag='079'><subfield code='a'>ocn958087713</subfield></datafield><datafield ind1=' ' ind2=' ' tag='090'><subfield code='a'>JK271</subfield><subfield code='b'>.S4429 2016</subfield></datafield><datafield ind1='1' ind2=' ' tag='100'><subfield code='a'>Shafer, Byron E.,</subfield><subfield code='e'>author.</subfield></datafield><datafield ind1='1' ind2='4' tag='245'><subfield code='a'>The American political pattern :</subfield><subfield code='b'>stability and change, 1932-2016 /</subfield><subfield code='c'>Byron E. Shafer.</subfield></datafield><datafield ind1=' ' ind2='1' tag='264'><subfield code='a'>Lawrence, Kansas :</subfield><subfield code='b'>University Press of Kansas,</subfield><subfield code='c'>[2016]</subfield></datafield><datafield ind1=' ' ind2=' ' tag='300'><subfield code='a'>xvii, 265 pages ;</subfield><subfield code='c'>24 cm.</subfield></datafield><datafield ind1=' ' ind2=' ' tag='336'><subfield code='a'>text</subfield><subfield code='b'>txt</subfield><subfield code='2'>rdacontent</subfield></datafield><datafield ind1=' ' ind2=' ' tag='337'><subfield code='a'>unmediated</subfield><subfield code='b'>n</subfield><subfield code='2'>rdamedia</subfield></datafield><datafield ind1=' ' ind2=' ' tag='338'><subfield code='a'>volume</subfield><subfield code='b'>nc</subfield><subfield code='2'>rdacarrier</subfield></datafield><datafield ind1='1' ind2=' ' tag='490'><subfield code='a'>Studies in government and public policy</subfield></datafield><datafield ind1=' ' ind2=' ' tag='504'><subfield code='a'>Includes bibliographical references and index.</subfield></datafield><datafield ind1='8' ind2=' ' tag='505'><subfield code='a'>Machine generated contents note: -- Preface: An American Political Pattern? -- 1. Birth Pangs of the Modern World: The Political Structure of the High New Deal Era, 1932-1938 -- 2. The Long Arm of the New Deal: The Political STructure of the Late New Deal Era, 1939-1968 -- 3. The Rise of Participatory Politics: The Political Structure of an Era of Devided Government, 1969-1992 -- 4. A Political Structure for the Modern World: The Era of Partisan Volatility, 1993-2016 -- Conclusion: Stability and change in American Politics, 1932-2016 -- Notes -- Bibliography -- Index.</subfield></datafield><datafield ind1=' ' ind2=' ' tag='520'><subfield code='a'>&quot; Politicians are polarized. Public opinion is volatile. Government is gridlocked. Or so journalists and pundits constantly report. But where are we, really, in modern American politics, and how did we get there? Those are the questions that Byron E. Shafer aims to answer in The American Political Pattern. Looking at the state of American politics at diverse points over the past eighty years, the book draws a picture, broad in scope yet precise in detail, of our political system in the modern era. It is a picture of stretches of political stability, but also, even more, of political change, one that goes a long way toward explaining how shifting factors alter the content of public policy and the character of American politicking. Shafer divides the modern world into four distinct periods: the High New Deal (1932-1938), the Late New Deal (1939-1968), the Era of Divided Government (1969-1992), and the Era of Partisan Volatility (1993-2016). Each period is characterized by a different arrangement of the same key factors: party balance, ideological polarization, issue conflict, and the policy-making process that goes with them. The American Political Pattern shows how these factors are in turn shaped by permanent aspects of the US Constitution, most especially the separation of powers and federalism, while their alignment is simultaneously influenced by the external demands for governmental action that arise in each period, including those derived from economic currents, major wars, and social movements. Analyzing these periods, Shafer sets the terms for understanding the structure and dynamics of politics in our own turbulent time. Placing the current political world in its historical and evolutionary framework, while illuminating major influences on American politics over time, his book explains where this modern world came from, why it endures, and how it might change yet again. &quot;--</subfield><subfield code='c'>Provided by publisher.</subfield></datafield><datafield ind1=' ' ind2=' ' tag='520'><subfield code='a'>&quot;We live in a time of hyper political polarization that makes governing extremely difficult. How did we get here? In this book Byron Shafer explores American politics from 1932 to the present to understand the underlying patterns of American politics and how changes in these patterns have affected policymaking. He divides American politics since 1932 into four periods. He argues that American politics during this time can be examined by looking at changes in the balance between the political parties; ideological polarization (or the distance on policy issues between contending forces); and substantive conflict over policy. These are set in the context of external demands for government action (i.e. depression, war, civil rights) as well as the institutions of American government (separation of powers and federalism) that structure how groups compete over government policy&quot;--</subfield><subfield code='c'>Provided by publisher.</subfield></datafield><datafield ind1=' ' ind2='7' tag='648'><subfield code='a'>Since 1933</subfield><subfield code='2'>fast</subfield></datafield><datafield ind1=' ' ind2='0' tag='650'><subfield code='a'>Political culture</subfield><subfield code='z'>United States.</subfield></datafield><datafield ind1='1' ind2='7' tag='650'><subfield code='a'>POLITICAL SCIENCE / Government / General.</subfield><subfield code='2'>bisacsh</subfield></datafield><datafield ind1=' ' ind2='7' tag='650'><subfield code='a'>POLITICAL SCIENCE / Political Process / Political Parties.</subfield><subfield code='2'>bisacsh</subfield></datafield><datafield ind1=' ' ind2='7' tag='650'><subfield code='a'>POLITICAL SCIENCE / Political Ideologies / Democracy.</subfield><subfield code='2'>bisacsh</subfield></datafield><datafield ind1=' ' ind2='7' tag='650'><subfield code='a'>Political culture.</subfield><subfield code='2'>fast</subfield><subfield code='0'>(OCoLC)fst01069263</subfield></datafield><datafield ind1=' ' ind2='7' tag='650'><subfield code='a'>Politics and government.</subfield><subfield code='2'>fast</subfield><subfield code='0'>(OCoLC)fst01919741</subfield></datafield><datafield ind1=' ' ind2='0' tag='651'><subfield code='a'>United States</subfield><subfield code='x'>Politics and government</subfield><subfield code='y'>1933-1945.</subfield></datafield><datafield ind1=' ' ind2='0' tag='651'><subfield code='a'>United States</subfield><subfield code='x'>Politics and government</subfield><subfield code='y'>1945-1989.</subfield></datafield><datafield ind1=' ' ind2='0' tag='651'><subfield code='a'>United States</subfield><subfield code='x'>Politics and government</subfield><subfield code='y'>1989-</subfield></datafield><datafield ind1=' ' ind2='7' tag='651'><subfield code='a'>United States.</subfield><subfield code='2'>fast</subfield><subfield code='0'>(OCoLC)fst01204155</subfield></datafield><datafield ind1=' ' ind2='0' tag='830'><subfield code='a'>Studies in government and public policy.</subfield></datafield><datafield ind1=' ' ind2=' ' tag='902'><subfield code='a'>170220</subfield></datafield><datafield ind1=' ' ind2=' ' tag='907'><subfield code='a'>.b6408355x</subfield><subfield code='b'>p    </subfield><subfield code='c'>-</subfield></datafield><datafield ind1=' ' ind2=' ' tag='945'><subfield code='l'>pstk </subfield><subfield code='g'>1</subfield></datafield><datafield ind1=' ' ind2=' ' tag='979'><subfield code='a'>ocn958087713</subfield></datafield><datafield ind1=' ' ind2=' ' tag='998'><subfield code='b'>1</subfield><subfield code='c'>170124</subfield><subfield code='d'>m</subfield><subfield code='e'>a</subfield><subfield code='f'>-</subfield><subfield code='g'>4</subfield></datafield><datafield ind1=' ' ind2=' ' tag='998'><subfield code='b'>1</subfield><subfield code='c'>170124</subfield><subfield code='d'>m</subfield><subfield code='e'>a</subfield><subfield code='f'>-</subfield><subfield code='g'>4</subfield></datafield><datafield ind1=' ' ind2=' ' tag='ADM'><subfield code='b'>2017-08-26 07:22:58</subfield><subfield code='e'>b6408355x-01tuli_inst</subfield><subfield code='d'>ILS</subfield><subfield code='a'>2017-06-20 06:24:18</subfield><subfield code='c'>false</subfield></datafield><datafield ind1='0' ind2=' ' tag='HLD'><subfield code='b'>MAIN</subfield><subfield code='c'>stacks</subfield><subfield code='h'>JK271</subfield><subfield code='i'>.S4429 2016</subfield><subfield code='8'>22247043050003811</subfield></datafield><datafield ind1=' ' ind2=' ' tag='ITM'><subfield code='r'>22247043050003811</subfield><subfield code='b'>1</subfield><subfield code='h'>0</subfield><subfield code='g'>stacks</subfield><subfield code='t'>BOOK</subfield><subfield code='9'>39074030182679</subfield><subfield code='e'>stacks</subfield><subfield code='8'>23247043040003811</subfield><subfield code='a'>0</subfield><subfield code='q'>2017-06-20 06:24:18</subfield><subfield code='i'>JK271 .S4429 2016</subfield><subfield code='d'>MAIN</subfield><subfield code='f'>MAIN</subfield></datafield></record>