
<record xmlns='http://www.loc.gov/MARC21/slim'><leader>02761nam a22004455i 4500</leader><controlfield tag='001'>991036882484703811</controlfield><controlfield tag='005'>20170802141448.0</controlfield><controlfield tag='006'>m     o  d |      </controlfield><controlfield tag='007'>cr cnu||||||||</controlfield><controlfield tag='008'>170802s2018    gw |    o    |||| 0|eng d</controlfield><datafield ind1=' ' ind2=' ' tag='020'><subfield code='a'>3-319-60879-7</subfield></datafield><datafield ind1='7' ind2=' ' tag='024'><subfield code='a'>10.1007/978-3-319-60879-2</subfield><subfield code='2'>doi</subfield></datafield><datafield ind1=' ' ind2=' ' tag='035'><subfield code='a'>(CKB)3780000000451285</subfield></datafield><datafield ind1=' ' ind2=' ' tag='035'><subfield code='a'>(MiAaPQ)EBC4935686</subfield></datafield><datafield ind1=' ' ind2=' ' tag='035'><subfield code='a'>(DE-He213)978-3-319-60879-2</subfield></datafield><datafield ind1=' ' ind2=' ' tag='035'><subfield code='a'>(EXLCZ)993780000000451285</subfield></datafield><datafield ind1=' ' ind2=' ' tag='040'><subfield code='a'>MiAaPQ</subfield><subfield code='b'>eng</subfield><subfield code='e'>rda</subfield><subfield code='e'>pn</subfield><subfield code='c'>MiAaPQ</subfield><subfield code='d'>MiAaPQ</subfield></datafield><datafield ind1=' ' ind2=' ' tag='043'><subfield code='a'>n-us---</subfield></datafield><datafield ind1=' ' ind2='4' tag='050'><subfield code='a'>JK1-JK9993</subfield></datafield><datafield ind1=' ' ind2='7' tag='072'><subfield code='a'>JP</subfield><subfield code='2'>bicssc</subfield></datafield><datafield ind1=' ' ind2='7' tag='072'><subfield code='a'>1KBB</subfield><subfield code='2'>bicssc</subfield></datafield><datafield ind1=' ' ind2='7' tag='072'><subfield code='a'>POL040000</subfield><subfield code='2'>bisacsh</subfield></datafield><datafield ind1='0' ind2=' ' tag='082'><subfield code='a'>320.473</subfield><subfield code='2'>23</subfield></datafield><datafield ind1='1' ind2='0' tag='245'><subfield code='a'>American Political Parties Under Pressure</subfield><subfield code='h'>[electronic resource] :</subfield><subfield code='b'>Strategic Adaptations for a Changing Electorate /</subfield><subfield code='c'>edited by Chapman Rackaway, Laurie L. Rice.</subfield></datafield><datafield ind1=' ' ind2='1' tag='264'><subfield code='a'>Cham :</subfield><subfield code='b'>Springer International Publishing :</subfield><subfield code='b'>Imprint: Palgrave Macmillan,</subfield><subfield code='c'>2018.</subfield></datafield><datafield ind1=' ' ind2=' ' tag='300'><subfield code='a'>1 online resource (213 pages)</subfield></datafield><datafield ind1=' ' ind2=' ' tag='336'><subfield code='a'>text</subfield><subfield code='2'>rdacontent</subfield></datafield><datafield ind1=' ' ind2=' ' tag='337'><subfield code='a'>computer</subfield><subfield code='2'>rdamedia</subfield></datafield><datafield ind1=' ' ind2=' ' tag='338'><subfield code='a'>online resource</subfield><subfield code='2'>rdacarrier</subfield></datafield><datafield ind1=' ' ind2=' ' tag='347'><subfield code='a'>text file</subfield><subfield code='b'>PDF</subfield><subfield code='2'>rda</subfield></datafield><datafield ind1=' ' ind2=' ' tag='504'><subfield code='a'>Includes bibliographical references at the end of each chapters and index.</subfield></datafield><datafield ind1=' ' ind2=' ' tag='588'><subfield code='a'>Description based on online resource; title from PDF title page (ebrary, viewed August 26 2017).</subfield></datafield><datafield ind1='0' ind2=' ' tag='505'><subfield code='a'>1. Introduction: Turning Lemons into Lemonade? Party Strategy as Compensation for External Stresses -- 2.This Is Trump Country: Donald Trump&apos;s Base and Partisan Change in Unhyphenated America -- 3. Parties and Populism in 2016 -- 4. From Consensus to Conflict: Political Polarization, the Culture War and Gay Rights -- 5. Ideology and the 2016 Election -- 6. Campaign Visits, Party Ties, and Challenges to the Party Establishment in Presidential Nominating Contests -- 7. Weak Parties and Strong Partisans -- 8. Conclusion the Paradox of Partisanship in 2016 and Beyond. .</subfield></datafield><datafield ind1=' ' ind2=' ' tag='520'><subfield code='a'>This book addresses the changing electoral and political circumstances in which American political parties found themselves during the 2016 election, and the strategic adaptations this new pressure may require. The respective establishments of both major political parties have found themselves facing serious challenges. Some observers wondered if a realignment was in progress, and whether the parties could survive. Both grounded in research and accessible to more than just academics, this book provides important insights into how political parties can move forward from 2016.</subfield></datafield><datafield ind1=' ' ind2='0' tag='651'><subfield code='a'>United States</subfield><subfield code='x'>Politics and government.</subfield></datafield><datafield ind1=' ' ind2='4' tag='655'><subfield code='a'>Electronic books.</subfield></datafield><datafield ind1=' ' ind2='0' tag='650'><subfield code='a'>Political science.</subfield></datafield><datafield ind1=' ' ind2='0' tag='650'><subfield code='a'>United States</subfield><subfield code='x'>Politics and government.</subfield></datafield><datafield ind1=' ' ind2='0' tag='650'><subfield code='a'>Political sociology.</subfield></datafield><datafield ind1='1' ind2='4' tag='650'><subfield code='a'>Political Science and International Relations.</subfield></datafield><datafield ind1='2' ind2='4' tag='650'><subfield code='a'>US Politics.</subfield></datafield><datafield ind1='2' ind2='4' tag='650'><subfield code='a'>Political Sociology.</subfield></datafield><datafield ind1=' ' ind2=' ' tag='776'><subfield code='z'>3-319-60878-9</subfield></datafield><datafield ind1='1' ind2=' ' tag='700'><subfield code='a'>Rackaway, Chapman.</subfield><subfield code='e'>editor.</subfield></datafield><datafield ind1='1' ind2=' ' tag='700'><subfield code='a'>Rice, Laurie L.</subfield><subfield code='e'>editor.</subfield></datafield><datafield ind1=' ' ind2=' ' tag='906'><subfield code='a'>BOOK</subfield></datafield><datafield ind1=' ' ind2=' ' tag='PRT'><subfield code='a'>53426915970003811</subfield><subfield code='b'>https://sandbox01-na.alma.exlibrisgroup.com/view/uresolver/01TULI_INST/openurl?u.ignore_date_coverage=true&amp;rft.mms_id=991036882484703811</subfield><subfield code='e'>Springer Link</subfield><subfield code='c'>SpringerLINK eBooks - English/International Collection (2018)</subfield><subfield code='h'>613810000000000405</subfield><subfield code='8'>53426915970003811</subfield></datafield></record>