
<record xmlns='http://www.loc.gov/MARC21/slim'><leader>02141pam a22004694a 4500</leader><controlfield tag='005'>20170825232930.0</controlfield><controlfield tag='008'>090508s2009    enka     b    001 0 eng  </controlfield><controlfield tag='001'>991036450299703811</controlfield><datafield ind1=' ' ind2=' ' tag='010'><subfield code='a'>2009019276</subfield></datafield><datafield ind1=' ' ind2=' ' tag='020'><subfield code='a'>9780521882309 (hardback)</subfield></datafield><datafield ind1=' ' ind2=' ' tag='020'><subfield code='a'>0521882303 (hardback)</subfield></datafield><datafield ind1=' ' ind2=' ' tag='020'><subfield code='a'>9780521708876 (pbk.)</subfield></datafield><datafield ind1=' ' ind2=' ' tag='020'><subfield code='a'>0521708877 (pbk.)</subfield></datafield><datafield ind1=' ' ind2=' ' tag='035'><subfield code='a'>(PPT)b41365859-01tuli_inst</subfield></datafield><datafield ind1=' ' ind2=' ' tag='035'><subfield code='a'>(OCoLC)ocn624868735</subfield><subfield code='9'>ExL</subfield></datafield><datafield ind1=' ' ind2=' ' tag='035'><subfield code='a'>(OCoLC)318870715</subfield></datafield><datafield ind1=' ' ind2=' ' tag='035'><subfield code='a'>ocn318870715</subfield></datafield><datafield ind1=' ' ind2=' ' tag='035'><subfield code='a'>(OCLC)ocn318870715</subfield></datafield><datafield ind1=' ' ind2=' ' tag='040'><subfield code='a'>DLC</subfield><subfield code='c'>DLC</subfield><subfield code='d'>BTCTA</subfield><subfield code='d'>YDXCP</subfield><subfield code='d'>UKM</subfield><subfield code='d'>C#P</subfield></datafield><datafield ind1=' ' ind2=' ' tag='043'><subfield code='a'>n-us---</subfield></datafield><datafield ind1=' ' ind2=' ' tag='079'><subfield code='a'>ocn318870715</subfield></datafield><datafield ind1=' ' ind2=' ' tag='090'><subfield code='a'>JK2261</subfield><subfield code='b'>.B79 2009</subfield></datafield><datafield ind1='1' ind2=' ' tag='100'><subfield code='a'>Brewer, Mark D.</subfield></datafield><datafield ind1='1' ind2='0' tag='245'><subfield code='a'>Dynamics of American political parties /</subfield><subfield code='c'>Mark D. Brewer, Jeffrey M. Stonecash.</subfield></datafield><datafield ind1=' ' ind2=' ' tag='260'><subfield code='a'>Cambridge ;</subfield><subfield code='a'>New York :</subfield><subfield code='b'>Cambridge University Press,</subfield><subfield code='c'>2009.</subfield></datafield><datafield ind1=' ' ind2=' ' tag='300'><subfield code='a'>xiii, 242 p. :</subfield><subfield code='b'>ill. ;</subfield><subfield code='c'>24 cm.</subfield></datafield><datafield ind1=' ' ind2=' ' tag='504'><subfield code='a'>Includes bibliographical references and index.</subfield></datafield><datafield ind1='0' ind2=' ' tag='505'><subfield code='a'>Democracy, representation, and parties -- Overview : social change and shifting party bases -- Taking shape : party coalitions in the post-bellum nineteenth century -- Republican ascendancy and Democratic efforts to respond, 1896-1928 -- Tables turn: the new deal era and Democratic dominance, 1932- 1948 -- The Democratic drive to the great society -- Republicans : reasserting conservative principles and seeking a majority -- The struggle of democrats to interpret change and respond -- George Bush and further polarization -- The 2008 election and its interpretation -- Parties and the pursuit of majorities.</subfield></datafield><datafield ind1=' ' ind2='0' tag='650'><subfield code='a'>Political parties</subfield><subfield code='z'>United States</subfield><subfield code='x'>History.</subfield></datafield><datafield ind1=' ' ind2='0' tag='651'><subfield code='a'>United States</subfield><subfield code='x'>Politics and government</subfield><subfield code='y'>1865-1933.</subfield></datafield><datafield ind1=' ' ind2='0' tag='651'><subfield code='a'>United States</subfield><subfield code='x'>Politics and government</subfield><subfield code='y'>20th century.</subfield></datafield><datafield ind1=' ' ind2='0' tag='651'><subfield code='a'>United States</subfield><subfield code='x'>Politics and government</subfield><subfield code='y'>2001-2009.</subfield></datafield><datafield ind1='1' ind2=' ' tag='700'><subfield code='a'>Stonecash, Jeffrey M.</subfield></datafield><datafield ind1=' ' ind2=' ' tag='901'><subfield code='a'>BNA</subfield></datafield><datafield ind1=' ' ind2=' ' tag='901'><subfield code='a'>R8802895</subfield></datafield><datafield ind1=' ' ind2=' ' tag='902'><subfield code='a'>110512</subfield></datafield><datafield ind1=' ' ind2=' ' tag='902'><subfield code='a'>090923AB0701</subfield></datafield><datafield ind1=' ' ind2=' ' tag='907'><subfield code='a'>.b41365859</subfield><subfield code='b'>p    </subfield><subfield code='c'>-</subfield></datafield><datafield ind1=' ' ind2=' ' tag='945'><subfield code='l'>pstk </subfield><subfield code='g'>1</subfield></datafield><datafield ind1=' ' ind2=' ' tag='979'><subfield code='a'>ocn318870715</subfield></datafield><datafield ind1=' ' ind2=' ' tag='998'><subfield code='b'>1</subfield><subfield code='c'>090930</subfield><subfield code='d'>m</subfield><subfield code='e'>a</subfield><subfield code='f'>-</subfield><subfield code='g'>0</subfield></datafield><datafield ind1=' ' ind2=' ' tag='998'><subfield code='b'>1</subfield><subfield code='c'>090930</subfield><subfield code='d'>m</subfield><subfield code='e'>a</subfield><subfield code='f'>-</subfield><subfield code='g'>0</subfield></datafield><datafield ind1=' ' ind2=' ' tag='ADM'><subfield code='b'>2017-08-26 03:29:30</subfield><subfield code='e'>b41365859-01tuli_inst</subfield><subfield code='d'>ILS</subfield><subfield code='a'>2017-06-20 06:54:19</subfield><subfield code='c'>false</subfield></datafield><datafield ind1='0' ind2=' ' tag='HLD'><subfield code='b'>MAIN</subfield><subfield code='c'>stacks</subfield><subfield code='h'>JK2261</subfield><subfield code='i'>.B79 2009</subfield><subfield code='8'>22256899220003811</subfield></datafield><datafield ind1=' ' ind2=' ' tag='ITM'><subfield code='r'>22256899220003811</subfield><subfield code='b'>1</subfield><subfield code='h'>0</subfield><subfield code='g'>stacks</subfield><subfield code='t'>BOOK</subfield><subfield code='9'>39074025570482</subfield><subfield code='e'>stacks</subfield><subfield code='8'>23256899210003811</subfield><subfield code='a'>0</subfield><subfield code='q'>2017-06-20 06:54:19</subfield><subfield code='i'>JK2261 .B79 2009</subfield><subfield code='d'>MAIN</subfield><subfield code='f'>MAIN</subfield></datafield></record>