
<record xmlns='http://www.loc.gov/MARC21/slim'><leader>03422nam  2200553Ia 4500</leader><controlfield tag='001'>991036795682303811</controlfield><controlfield tag='005'>20180515173153.0</controlfield><controlfield tag='006'>m     o  d |      </controlfield><controlfield tag='007'>cr#-n---------</controlfield><controlfield tag='008'>000602s2001    nyu     ob    001 0 eng d</controlfield><datafield ind1=' ' ind2=' ' tag='010'><subfield code='z'>   00044632 </subfield></datafield><datafield ind1=' ' ind2=' ' tag='020'><subfield code='a'>0-203-90310-2</subfield></datafield><datafield ind1=' ' ind2=' ' tag='020'><subfield code='a'>1-135-95657-X</subfield></datafield><datafield ind1=' ' ind2=' ' tag='020'><subfield code='a'>1-280-35511-5</subfield></datafield><datafield ind1=' ' ind2=' ' tag='035'><subfield code='a'>(CKB)1000000000252695</subfield></datafield><datafield ind1=' ' ind2=' ' tag='035'><subfield code='a'>(EBL)180294</subfield></datafield><datafield ind1=' ' ind2=' ' tag='035'><subfield code='a'>(OCoLC)50590305</subfield></datafield><datafield ind1=' ' ind2=' ' tag='035'><subfield code='a'>(SSID)ssj0000306340</subfield></datafield><datafield ind1=' ' ind2=' ' tag='035'><subfield code='a'>(PQKBManifestationID)11207934</subfield></datafield><datafield ind1=' ' ind2=' ' tag='035'><subfield code='a'>(PQKBTitleCode)TC0000306340</subfield></datafield><datafield ind1=' ' ind2=' ' tag='035'><subfield code='a'>(PQKBWorkID)10298834</subfield></datafield><datafield ind1=' ' ind2=' ' tag='035'><subfield code='a'>(PQKB)11464513</subfield></datafield><datafield ind1=' ' ind2=' ' tag='035'><subfield code='a'>(MiAaPQ)EBC180294</subfield></datafield><datafield ind1=' ' ind2=' ' tag='035'><subfield code='a'>(EXLCZ)991000000000252695</subfield></datafield><datafield ind1=' ' ind2=' ' tag='040'><subfield code='a'>MiAaPQ</subfield><subfield code='c'>MiAaPQ</subfield><subfield code='d'>MiAaPQ</subfield></datafield><datafield ind1=' ' ind2=' ' tag='041'><subfield code='a'>eng</subfield></datafield><datafield ind1=' ' ind2='4' tag='050'><subfield code='a'>JA76</subfield><subfield code='b'>.C54 2001</subfield></datafield><datafield ind1='0' ind2='0' tag='082'><subfield code='a'>306.2</subfield><subfield code='a'>320.01</subfield></datafield><datafield ind1='1' ind2=' ' tag='100'><subfield code='a'>Clifford, Michael,</subfield><subfield code='d'>1957-</subfield></datafield><datafield ind1='1' ind2='0' tag='245'><subfield code='a'>Political genealogy after Foucault</subfield><subfield code='h'>[electronic resource] :</subfield><subfield code='b'>savage identities /</subfield><subfield code='c'>Michael Clifford.</subfield></datafield><datafield ind1=' ' ind2=' ' tag='260'><subfield code='a'>New York :</subfield><subfield code='b'>Routledge,</subfield><subfield code='c'>2001.</subfield></datafield><datafield ind1=' ' ind2=' ' tag='300'><subfield code='a'>1 online resource (240 p.)</subfield></datafield><datafield ind1=' ' ind2=' ' tag='336'><subfield code='a'>text</subfield><subfield code='b'>txt</subfield></datafield><datafield ind1=' ' ind2=' ' tag='337'><subfield code='a'>computer</subfield><subfield code='b'>c</subfield></datafield><datafield ind1=' ' ind2=' ' tag='338'><subfield code='a'>online resource</subfield><subfield code='b'>cr</subfield></datafield><datafield ind1=' ' ind2=' ' tag='500'><subfield code='a'>Description based upon print version of record.</subfield></datafield><datafield ind1='0' ind2=' ' tag='505'><subfield code='a'>Cover; Political Genealogy After Foucault: Savage Identities; Copyright; Contents; Preface; 1 Introduction: From Noble Savage to Savage Noble; Outline of a Political Genealogy; part 1 The Three Domains of Genealogy; 2 The Subject of Political Discourse; The Discourse of Threat: Hobbes and the Social Contract Tradition; Discursive Regimes and the Order of the Political; 3 Power and the Political Subject; You Are What You Eat: The Perils of &quot;Indianization&quot;; Disciplinary Power: The Fabrication of Modern Identity; Enunciative Modalities: From Wilderness to Nation</subfield></datafield><datafield ind1='8' ind2=' ' tag='505'><subfield code='a'>4 Political Subjectivation and Self-FormationTechnologies of the Self: Sex/Ethics/Politics; The Cultivation of Individuality: J. S. Mill&apos;s Manual of Autonomous Selfhood; The Political Spectrum: Liberals, Conservatives, and the Ethics of Toleration; part 2 Against Identity; 5 Governmentality and the Axes of Political Experience; A Matrix of Experience; The State and/of Governmentality; The Political Technology of Individuals; 6 &quot;The Most Perfect Freedom&quot;; On the Polarities of Political Freedom: Rousseau and Nozick; Countering Memory: Different Freedoms/Freedoms of Difference</subfield></datafield><datafield ind1='8' ind2=' ' tag='505'><subfield code='a'>Freedom and the Politics of Transformation7 Genealogy and Other-Politics: Conclusions, Implications, Applications; The Foucault Conundrum; Political Theory on the Horizon; Notes; Bibliography; Index</subfield></datafield><datafield ind1=' ' ind2=' ' tag='520'><subfield code='a'>Combining the most powerful elements of Foucault&apos;s theories, Clifford produces a methodology for cultural and political critique called &quot;&quot;political genealogy&quot;&quot; to explore the genesis of modern political identity.  At the core of American identity, Clifford argues, is the ideal of the &quot;&quot;Savage Noble,&quot;&quot; a hybrid that married the Native American &quot;&quot;savage&quot;&quot; with the &quot;&quot;civilized&quot;&quot; European male. This complex icon animates modern politics, and has shaped our understandings of rights, freedom, and power.</subfield></datafield><datafield ind1=' ' ind2=' ' tag='546'><subfield code='a'>English</subfield></datafield><datafield ind1=' ' ind2=' ' tag='504'><subfield code='a'>Includes bibliographical references and index.</subfield></datafield><datafield ind1=' ' ind2='0' tag='650'><subfield code='a'>Political sociology.</subfield></datafield><datafield ind1=' ' ind2='0' tag='650'><subfield code='a'>Political science.</subfield></datafield><datafield ind1=' ' ind2='0' tag='650'><subfield code='a'>Liberty.</subfield></datafield><datafield ind1=' ' ind2='4' tag='655'><subfield code='a'>Electronic books.</subfield></datafield><datafield ind1='1' ind2='0' tag='600'><subfield code='a'>Foucault, Michel,</subfield><subfield code='d'>1926-1984.</subfield></datafield><datafield ind1=' ' ind2=' ' tag='776'><subfield code='z'>0-415-92916-4</subfield></datafield><datafield ind1=' ' ind2=' ' tag='776'><subfield code='z'>0-415-92915-6</subfield></datafield><datafield ind1=' ' ind2=' ' tag='906'><subfield code='a'>BOOK</subfield></datafield><datafield ind1=' ' ind2=' ' tag='PRT'><subfield code='a'>53364306900003811</subfield><subfield code='b'>https://sandbox01-na.alma.exlibrisgroup.com/view/uresolver/01TULI_INST/openurl?u.ignore_date_coverage=true&amp;rft.mms_id=991036795682303811</subfield><subfield code='e'>EBSCOhost</subfield><subfield code='c'>EBSCOhost Ebooks</subfield><subfield code='h'>61111000211069000</subfield><subfield code='8'>53364306900003811</subfield></datafield></record>