
<record xmlns='http://www.loc.gov/MARC21/slim'><leader>01276nam  2200337Ia 4500</leader><controlfield tag='001'>991036744587803811</controlfield><controlfield tag='005'>20170814174415.0</controlfield><controlfield tag='006'>m     o  d |      </controlfield><controlfield tag='007'>cr||||||||||||</controlfield><controlfield tag='008'>120203s2012    mau     ob    001 0 eng d</controlfield><datafield ind1=' ' ind2=' ' tag='010'><subfield code='z'>  2012003663</subfield></datafield><datafield ind1=' ' ind2=' ' tag='020'><subfield code='a'>0-674-06794-0</subfield></datafield><datafield ind1=' ' ind2=' ' tag='035'><subfield code='a'>(CKB)2670000000241207</subfield></datafield><datafield ind1=' ' ind2=' ' tag='035'><subfield code='a'>(StDuBDS)AH24437925</subfield></datafield><datafield ind1=' ' ind2=' ' tag='035'><subfield code='a'>(SSID)ssj0000743750</subfield></datafield><datafield ind1=' ' ind2=' ' tag='035'><subfield code='a'>(PQKBManifestationID)12284840</subfield></datafield><datafield ind1=' ' ind2=' ' tag='035'><subfield code='a'>(PQKBTitleCode)TC0000743750</subfield></datafield><datafield ind1=' ' ind2=' ' tag='035'><subfield code='a'>(PQKBWorkID)10828366</subfield></datafield><datafield ind1=' ' ind2=' ' tag='035'><subfield code='a'>(PQKB)10769516</subfield></datafield><datafield ind1=' ' ind2=' ' tag='035'><subfield code='a'>(MiAaPQ)EBC3301121</subfield></datafield><datafield ind1=' ' ind2=' ' tag='035'><subfield code='a'>(EXLCZ)992670000000241207</subfield></datafield><datafield ind1=' ' ind2=' ' tag='040'><subfield code='a'>MiAaPQ</subfield><subfield code='c'>MiAaPQ</subfield><subfield code='d'>MiAaPQ</subfield></datafield><datafield ind1=' ' ind2=' ' tag='041'><subfield code='a'>eng</subfield></datafield><datafield ind1=' ' ind2='4' tag='050'><subfield code='a'>E907</subfield><subfield code='b'>.S6 2012</subfield></datafield><datafield ind1=' ' ind2='7' tag='072'><subfield code='a'>HIS</subfield><subfield code='2'>eflch</subfield></datafield><datafield ind1=' ' ind2=' ' tag='072'><subfield code='a'>HBJK</subfield></datafield><datafield ind1=' ' ind2=' ' tag='072'><subfield code='a'>JP</subfield></datafield><datafield ind1=' ' ind2=' ' tag='072'><subfield code='a'>JPA</subfield></datafield><datafield ind1=' ' ind2=' ' tag='072'><subfield code='a'>JPF</subfield></datafield><datafield ind1=' ' ind2=' ' tag='072'><subfield code='a'>JPH</subfield></datafield><datafield ind1=' ' ind2=' ' tag='072'><subfield code='a'>JPHC</subfield></datafield><datafield ind1='0' ind2='4' tag='082'><subfield code='a'>973.932</subfield><subfield code='2'>23</subfield></datafield><datafield ind1='1' ind2=' ' tag='100'><subfield code='a'>Skocpol, Theda.</subfield></datafield><datafield ind1='1' ind2='0' tag='245'><subfield code='a'>Obama and America&apos;s political future</subfield><subfield code='h'>[electronic resource] /</subfield><subfield code='c'>Theda Skocpol ; with commentaries by Larry M. Bartels, Mickey Edwards, and Suzanne Mettler.</subfield></datafield><datafield ind1=' ' ind2=' ' tag='260'><subfield code='a'>Cambridge, MA :</subfield><subfield code='b'>Harvard University Press,</subfield><subfield code='c'>2012.</subfield></datafield><datafield ind1=' ' ind2=' ' tag='300'><subfield code='a'>1 online resource (xi, 195 p.)</subfield></datafield><datafield ind1=' ' ind2=' ' tag='336'><subfield code='a'>text</subfield><subfield code='b'>txt</subfield></datafield><datafield ind1=' ' ind2=' ' tag='337'><subfield code='a'>computer</subfield><subfield code='b'>c</subfield></datafield><datafield ind1=' ' ind2=' ' tag='338'><subfield code='a'>online resource</subfield><subfield code='b'>cr</subfield></datafield><datafield ind1='0' ind2=' ' tag='490'><subfield code='a'>Alexis de Tocqueville lectures on American politics</subfield></datafield><datafield ind1=' ' ind2=' ' tag='504'><subfield code='a'>Includes bibliographical references and index.</subfield></datafield><datafield ind1=' ' ind2=' ' tag='520'><subfield code='a'>Obama&apos;s 2008 victory, coming amid the greatest economic crisis since the 1930s, opened the door to major reforms. But he quickly faced skepticism from supporters and fierce opposition from Republicans. What happened? Skocpol surveys the political landscape to help us to understand Obama&apos;s triumphs and setbacks.</subfield></datafield><datafield ind1=' ' ind2=' ' tag='520'><subfield code='b'>Barack Obama&apos;s galvanizing victory in 2008, coming amid the greatest economic crisis since the 1930s, opened the door to major reforms. But the president quickly faced skepticism from supporters and fierce opposition from Republicans, who scored sweeping wins in the 2010 midterm election. Here, noted political scientist Theda Skocpol surveys the political landscape and explores its most consequential questions: What happened to Obama&apos;s &quot;new New Deal&quot;? Why have his achievements enraged opponents more than they have satisfied supporters? How has the Tea Party&apos;s ascendance reshaped American politics? Skocpol&apos;s compelling account rises above conventional wisdom and overwrought rhetoric. The Obama administration&apos;s response to the recession produced bold initiatives-health care reform, changes in college loans, financial regulation-that promise security and opportunity. But these reforms are complex and will take years to implement. Potential beneficiaries do not readily understand them, yet the reforms alarm powerful interests and political enemies, creating the volatile mix of confusion and fear from which Tea Party forces erupted. Skocpol dissects the popular and elite components of the Tea Party reaction that has boosted the Republican Party while pushing it far to the right at a critical juncture for U.S. politics and governance. Skocpol&apos;s analysis is accompanied by contributions from two fellow scholars and a former congressman. At this moment of economic uncertainty and extreme polarization, as voters prepare to render another verdict on Obama&apos;s historic presidency, Skocpol and her respondents help us to understand its triumphs and setbacks and see where we might be headed next.</subfield></datafield><datafield ind1=' ' ind2=' ' tag='533'><subfield code='a'>Electronic reproduction.</subfield><subfield code='c'>Askews and Holts.</subfield><subfield code='n'>Mode of access: World Wide Web.</subfield></datafield><datafield ind1=' ' ind2=' ' tag='500'><subfield code='a'>Bibliographic Level Mode of Issuance: Monograph</subfield></datafield><datafield ind1=' ' ind2=' ' tag='546'><subfield code='a'>English</subfield></datafield><datafield ind1='1' ind2='0' tag='600'><subfield code='a'>Obama, Barack.</subfield></datafield><datafield ind1=' ' ind2='0' tag='651'><subfield code='a'>United States</subfield><subfield code='x'>Politics and government</subfield><subfield code='y'>2009-2017.</subfield></datafield><datafield ind1=' ' ind2='0' tag='650'><subfield code='a'>Tea Party movement.</subfield></datafield><datafield ind1=' ' ind2='4' tag='655'><subfield code='a'>Electronic books.</subfield></datafield><datafield ind1=' ' ind2=' ' tag='776'><subfield code='z'>0-674-06597-2</subfield></datafield><datafield ind1='1' ind2=' ' tag='700'><subfield code='a'>Bartels, Larry M.,</subfield><subfield code='d'>1956-</subfield></datafield><datafield ind1='1' ind2=' ' tag='700'><subfield code='a'>Edwards, Mickey,</subfield><subfield code='d'>1937-</subfield></datafield><datafield ind1='1' ind2=' ' tag='700'><subfield code='a'>Mettler, Suzanne.</subfield></datafield><datafield ind1=' ' ind2='0' tag='830'><subfield code='a'>Alexis de Tocqueville lectures on American politics.</subfield></datafield><datafield ind1=' ' ind2=' ' tag='906'><subfield code='a'>BOOK</subfield></datafield><datafield ind1=' ' ind2=' ' tag='PRT'><subfield code='a'>53394866200003811</subfield><subfield code='b'>https://sandbox01-na.alma.exlibrisgroup.com/view/uresolver/01TULI_INST/openurl?u.ignore_date_coverage=true&amp;rft.mms_id=991036744587803811</subfield><subfield code='e'>EBSCOhost</subfield><subfield code='c'>EBSCOhost Academic eBook Collection (North America)</subfield><subfield code='h'>613640000000000029</subfield><subfield code='8'>53394866200003811</subfield></datafield><datafield ind1=' ' ind2=' ' tag='PRT'><subfield code='a'>53406231470003811</subfield><subfield code='b'>https://sandbox01-na.alma.exlibrisgroup.com/view/uresolver/01TULI_INST/openurl?u.ignore_date_coverage=true&amp;rft.mms_id=991036744587803811</subfield><subfield code='e'>EBSCOhost</subfield><subfield code='c'>EBSCOhost eBook History Collection - North America</subfield><subfield code='h'>613790000000001582</subfield><subfield code='8'>53406231470003811</subfield></datafield><datafield ind1=' ' ind2=' ' tag='PRT'><subfield code='a'>53421279770003811</subfield><subfield code='b'>https://sandbox01-na.alma.exlibrisgroup.com/view/uresolver/01TULI_INST/openurl?u.ignore_date_coverage=true&amp;rft.mms_id=991036744587803811</subfield><subfield code='e'>Ebook Central</subfield><subfield code='c'>Ebook Central Academic Complete</subfield><subfield code='h'>614200000000000002</subfield><subfield code='8'>53421279770003811</subfield></datafield><datafield ind1=' ' ind2=' ' tag='PRT'><subfield code='a'>53396556620003811</subfield><subfield code='b'>https://sandbox01-na.alma.exlibrisgroup.com/view/uresolver/01TULI_INST/openurl?u.ignore_date_coverage=true&amp;rft.mms_id=991036744587803811</subfield><subfield code='e'>EBSCOhost</subfield><subfield code='c'>EBSCOhost eBook Community College Collection</subfield><subfield code='h'>613860000000000003</subfield><subfield code='8'>53396556620003811</subfield></datafield></record>