
<record xmlns='http://www.loc.gov/MARC21/slim'><leader>04746cam a2200589 i 4500</leader><controlfield tag='005'>20170825204016.0</controlfield><controlfield tag='008'>160504s2017    nyu      b    011 0 eng  </controlfield><controlfield tag='001'>991029875399703811</controlfield><datafield ind1=' ' ind2=' ' tag='010'><subfield code='a'>2016011189</subfield></datafield><datafield ind1=' ' ind2=' ' tag='020'><subfield code='a'>9781107095090 (hardback)</subfield></datafield><datafield ind1=' ' ind2=' ' tag='020'><subfield code='a'>1107095093 (hardback)</subfield></datafield><datafield ind1=' ' ind2=' ' tag='020'><subfield code='a'>9781107479074 (paperback)</subfield></datafield><datafield ind1=' ' ind2=' ' tag='020'><subfield code='a'>110747907X (paperback)</subfield></datafield><datafield ind1=' ' ind2=' ' tag='020'><subfield code='a'>030014072X</subfield></datafield><datafield ind1=' ' ind2=' ' tag='020'><subfield code='a'>9780300140729</subfield></datafield><datafield ind1=' ' ind2=' ' tag='035'><subfield code='a'>(PPT)b64084048-01tuli_inst</subfield></datafield><datafield ind1=' ' ind2=' ' tag='035'><subfield code='a'>(OCoLC)945356293</subfield><subfield code='z'>(OCoLC)965469917</subfield><subfield code='z'>(OCoLC)965479252</subfield></datafield><datafield ind1=' ' ind2=' ' tag='035'><subfield code='a'>ocn945356293</subfield></datafield><datafield ind1=' ' ind2=' ' tag='035'><subfield code='a'>(OCLC)ocn945356293</subfield></datafield><datafield ind1=' ' ind2=' ' tag='040'><subfield code='a'>DLC</subfield><subfield code='b'>eng</subfield><subfield code='e'>rda</subfield><subfield code='c'>DLC</subfield><subfield code='d'>BTCTA</subfield><subfield code='d'>OCLCF</subfield><subfield code='d'>BDX</subfield><subfield code='d'>ERASA</subfield><subfield code='d'>YDX</subfield></datafield><datafield ind1=' ' ind2=' ' tag='042'><subfield code='a'>pcc</subfield></datafield><datafield ind1=' ' ind2=' ' tag='043'><subfield code='a'>n-us---</subfield></datafield><datafield ind1=' ' ind2=' ' tag='079'><subfield code='a'>ocn945356293</subfield></datafield><datafield ind1=' ' ind2=' ' tag='090'><subfield code='a'>JK1976</subfield><subfield code='b'>.G66 2017</subfield></datafield><datafield ind1='0' ind2='0' tag='245'><subfield code='a'>Governing in a polarized age :</subfield><subfield code='b'>elections, parties and political representation in America  /</subfield><subfield code='c'>Alan S. Gerber, Yale University ; Eric Schickler, University of California, Berkeley.</subfield></datafield><datafield ind1=' ' ind2='1' tag='264'><subfield code='a'>New York, NY :</subfield><subfield code='b'>Cambridge University Press,</subfield><subfield code='c'>2017.</subfield></datafield><datafield ind1=' ' ind2=' ' tag='300'><subfield code='a'>viii, 398 pages ;</subfield><subfield code='c'>24 cm</subfield></datafield><datafield ind1=' ' ind2=' ' tag='336'><subfield code='a'>text</subfield><subfield code='b'>txt</subfield><subfield code='2'>rdacontent</subfield></datafield><datafield ind1=' ' ind2=' ' tag='337'><subfield code='a'>unmediated</subfield><subfield code='b'>n</subfield><subfield code='2'>rdamedia</subfield></datafield><datafield ind1=' ' ind2=' ' tag='338'><subfield code='a'>volume</subfield><subfield code='b'>nc</subfield><subfield code='2'>rdacarrier</subfield></datafield><datafield ind1=' ' ind2=' ' tag='520'><subfield code='a'>&quot;Many political observers have expressed doubts as to whether America&apos;s leaders are up to the task of addressing major policy challenges. Yet much of the critical commentary lacks grounding in the systematic analysis of the core institutions of the American political system including elections, representation, and the law-making process. Governing in a Polarized Age brings together more than a dozen leading scholars to provide an in-depth examination of representation and legislative performance. Drawing upon the seminal work of David Mayhew as a point of departure, these essays explore the dynamics of incumbency advantage in today&apos;s polarized Congress, asking whether the focus on individual re-election that was the hallmark of Mayhew&apos;s ground-breaking book, Congress: The Electoral Connection, remains useful for understanding today&apos;s Congress. The essays link the study of elections with close analysis of changes in party organization and with a series of systematic assessments of the quality of legislative performance&quot;--</subfield><subfield code='c'>Provided by publisher.</subfield></datafield><datafield ind1=' ' ind2=' ' tag='504'><subfield code='a'>Includes bibliographical references and index.</subfield></datafield><datafield ind1='8' ind2=' ' tag='505'><subfield code='a'>Machine generated contents note: 1. Introduction; Part I. Political Representation and Democratic Accountability: 2. The electoral connection, age 40 R. Douglas Arnold; 3. The electoral connection, then and now Gary Jacobson; 4. The congressional incumbency advantage over sixty years: measurement, trends, and implications Robert S. Erikson; 5. A baseline for incumbency effects Christopher Achen; Part II. Continuity and Change in Party Organizations: 6. Legislative parties in an era of alternating majorities Frances E. Lee; 7. Parties within parties: parties, factions, and coordinated politics, 1900-80 John Mark Hansen, Shigeo Hirano and James M. Snyder, Jr; 8. Where measures meet history: party polarization during the New Deal and Fair Deal Joshua D. Clinton, Ira Katznelson and John S. Lapinski; Part III. Partisanship and Governmental Performance: 9. Polarized we govern? Sarah Binder; 10. What has Congress done? Stephen Ansolabehere, Maxwell Palmer and Benjamin Schneer; 11. Can Congress do policy analysis? The politics of problem solving on Capitol Hill Eric M. Patashnik and Justin Peck; 12. Studying contingency systematically Katherine Levine Einstein and Jennifer Hochschild; 13. Majoritarianism, majoritarian tension, and the Reed revolution Keith Krehbiel; Part IV. Conclusions: 14. Intensified partisanship in congress: institutional effects David E. Price; 15. The origins of Congress: The Electoral Connection David R. Mayhew.</subfield></datafield><datafield ind1='1' ind2='0' tag='610'><subfield code='a'>United States.</subfield><subfield code='b'>Congress</subfield><subfield code='x'>Elections.</subfield></datafield><datafield ind1=' ' ind2='0' tag='650'><subfield code='a'>Incumbency (Public officers)</subfield><subfield code='z'>United States.</subfield></datafield><datafield ind1=' ' ind2='0' tag='650'><subfield code='a'>Representative government and representation</subfield><subfield code='z'>United States.</subfield></datafield><datafield ind1=' ' ind2='0' tag='650'><subfield code='a'>Polarization (Social sciences)</subfield><subfield code='z'>United States.</subfield></datafield><datafield ind1='1' ind2='7' tag='610'><subfield code='a'>United States.</subfield><subfield code='b'>Congress.</subfield><subfield code='2'>fast</subfield><subfield code='0'>(OCoLC)fst00529490</subfield></datafield><datafield ind1=' ' ind2='7' tag='650'><subfield code='a'>Elections.</subfield><subfield code='2'>fast</subfield><subfield code='0'>(OCoLC)fst00904324</subfield></datafield><datafield ind1=' ' ind2='7' tag='650'><subfield code='a'>Incumbency (Public officers)</subfield><subfield code='2'>fast</subfield><subfield code='0'>(OCoLC)fst00968841</subfield></datafield><datafield ind1=' ' ind2='7' tag='650'><subfield code='a'>Polarization (Social sciences)</subfield><subfield code='2'>fast</subfield><subfield code='0'>(OCoLC)fst01068309</subfield></datafield><datafield ind1=' ' ind2='7' tag='650'><subfield code='a'>Representative government and representation.</subfield><subfield code='2'>fast</subfield><subfield code='0'>(OCoLC)fst01094941</subfield></datafield><datafield ind1=' ' ind2='7' tag='651'><subfield code='a'>United States.</subfield><subfield code='2'>fast</subfield><subfield code='0'>(OCoLC)fst01204155</subfield></datafield><datafield ind1='1' ind2=' ' tag='700'><subfield code='a'>Gerber, Alan S.,</subfield><subfield code='e'>editor.</subfield></datafield><datafield ind1='1' ind2=' ' tag='700'><subfield code='a'>Schickler, Eric,</subfield><subfield code='d'>1969-</subfield><subfield code='e'>editor.</subfield></datafield><datafield ind1='1' ind2=' ' tag='700'><subfield code='a'>Mayhew, David R.,</subfield><subfield code='e'>honoree.</subfield></datafield><datafield ind1=' ' ind2=' ' tag='902'><subfield code='a'>170220</subfield></datafield><datafield ind1=' ' ind2=' ' tag='907'><subfield code='a'>.b64084048</subfield><subfield code='b'>p    </subfield><subfield code='c'>-</subfield></datafield><datafield ind1=' ' ind2=' ' tag='945'><subfield code='l'>pstk </subfield><subfield code='g'>1</subfield></datafield><datafield ind1=' ' ind2=' ' tag='979'><subfield code='a'>ocn945356293</subfield></datafield><datafield ind1=' ' ind2=' ' tag='998'><subfield code='b'>1</subfield><subfield code='c'>170131</subfield><subfield code='d'>m</subfield><subfield code='e'>a</subfield><subfield code='f'>-</subfield><subfield code='g'>0</subfield></datafield><datafield ind1=' ' ind2=' ' tag='998'><subfield code='a'>01/31/17</subfield><subfield code='s'>LC</subfield><subfield code='c'>YL</subfield></datafield><datafield ind1=' ' ind2=' ' tag='ADM'><subfield code='b'>2018-03-25 08:40:12</subfield><subfield code='e'>b64084048-01tuli_inst</subfield><subfield code='d'>ILS</subfield><subfield code='a'>2017-06-20 06:22:25</subfield><subfield code='c'>false</subfield></datafield><datafield ind1='0' ind2=' ' tag='HLD'><subfield code='b'>MAIN</subfield><subfield code='c'>stacks</subfield><subfield code='h'>JK1976</subfield><subfield code='i'>.G66 2017</subfield><subfield code='8'>22246451380003811</subfield></datafield><datafield ind1=' ' ind2=' ' tag='ITM'><subfield code='r'>22246451380003811</subfield><subfield code='b'>1</subfield><subfield code='h'>0</subfield><subfield code='g'>stacks</subfield><subfield code='t'>BOOK</subfield><subfield code='9'>39074030181333</subfield><subfield code='e'>stacks</subfield><subfield code='8'>23246451370003811</subfield><subfield code='a'>0</subfield><subfield code='q'>2017-06-20 06:22:25</subfield><subfield code='i'>JK1976 .G66 2017</subfield><subfield code='d'>MAIN</subfield><subfield code='f'>MAIN</subfield></datafield></record>