
<record xmlns='http://www.loc.gov/MARC21/slim'><leader>03315nam a22006255i 4500</leader><controlfield tag='001'>991036797822603811</controlfield><controlfield tag='005'>20180327181342.0</controlfield><controlfield tag='006'>m     o  d |      </controlfield><controlfield tag='007'>cr -n---------</controlfield><controlfield tag='008'>100301s2006    gw |    o    |||| 0|eng d</controlfield><datafield ind1=' ' ind2=' ' tag='015'><subfield code='a'>GBA615526</subfield><subfield code='2'>bnb</subfield></datafield><datafield ind1=' ' ind2=' ' tag='020'><subfield code='a'>1-280-46261-2</subfield></datafield><datafield ind1=' ' ind2=' ' tag='020'><subfield code='a'>9786610462612</subfield></datafield><datafield ind1=' ' ind2=' ' tag='020'><subfield code='a'>3-540-31417-2</subfield></datafield><datafield ind1='7' ind2=' ' tag='024'><subfield code='a'>10.1007/3-540-31417-2</subfield><subfield code='2'>doi</subfield></datafield><datafield ind1=' ' ind2=' ' tag='035'><subfield code='a'>(CKB)1000000000232658</subfield></datafield><datafield ind1=' ' ind2=' ' tag='035'><subfield code='a'>(EBL)301391</subfield></datafield><datafield ind1=' ' ind2=' ' tag='035'><subfield code='a'>(OCoLC)262692564</subfield></datafield><datafield ind1=' ' ind2=' ' tag='035'><subfield code='a'>(SSID)ssj0000223482</subfield></datafield><datafield ind1=' ' ind2=' ' tag='035'><subfield code='a'>(PQKBManifestationID)11187894</subfield></datafield><datafield ind1=' ' ind2=' ' tag='035'><subfield code='a'>(PQKBTitleCode)TC0000223482</subfield></datafield><datafield ind1=' ' ind2=' ' tag='035'><subfield code='a'>(PQKBWorkID)10181676</subfield></datafield><datafield ind1=' ' ind2=' ' tag='035'><subfield code='a'>(PQKB)10742339</subfield></datafield><datafield ind1=' ' ind2=' ' tag='035'><subfield code='a'>(DE-He213)978-3-540-31417-2</subfield></datafield><datafield ind1=' ' ind2=' ' tag='035'><subfield code='a'>(MiAaPQ)EBC301391</subfield></datafield><datafield ind1=' ' ind2=' ' tag='035'><subfield code='a'>(EXLCZ)991000000000232658</subfield></datafield><datafield ind1=' ' ind2=' ' tag='040'><subfield code='a'>MiAaPQ</subfield><subfield code='c'>MiAaPQ</subfield><subfield code='d'>MiAaPQ</subfield></datafield><datafield ind1=' ' ind2=' ' tag='041'><subfield code='a'>eng</subfield></datafield><datafield ind1=' ' ind2='4' tag='050'><subfield code='a'>HB172.5</subfield></datafield><datafield ind1=' ' ind2='7' tag='072'><subfield code='a'>KCB</subfield><subfield code='2'>bicssc</subfield></datafield><datafield ind1=' ' ind2='7' tag='072'><subfield code='a'>KCBM</subfield><subfield code='2'>bicssc</subfield></datafield><datafield ind1=' ' ind2='7' tag='072'><subfield code='a'>BUS039000</subfield><subfield code='2'>bisacsh</subfield></datafield><datafield ind1=' ' ind2='7' tag='072'><subfield code='a'>BUS045000</subfield><subfield code='2'>bisacsh</subfield></datafield><datafield ind1='0' ind2='0' tag='082'><subfield code='a'>339.52</subfield></datafield><datafield ind1='1' ind2=' ' tag='100'><subfield code='a'>Woo, Jaejoon.</subfield><subfield code='e'>author.</subfield></datafield><datafield ind1='1' ind2='4' tag='245'><subfield code='a'>The Political Economy of Fiscal Policy</subfield><subfield code='h'>[electronic resource] :</subfield><subfield code='b'>Public Deficits, Volatility, and Growth /</subfield><subfield code='c'>by Jaejoon Woo.</subfield></datafield><datafield ind1=' ' ind2='1' tag='264'><subfield code='a'>Berlin, Heidelberg :</subfield><subfield code='b'>Springer Berlin Heidelberg,</subfield><subfield code='c'>2006.</subfield></datafield><datafield ind1=' ' ind2=' ' tag='300'><subfield code='a'>1 online resource (178 p.)</subfield></datafield><datafield ind1=' ' ind2=' ' tag='336'><subfield code='a'>text</subfield><subfield code='b'>txt</subfield></datafield><datafield ind1=' ' ind2=' ' tag='337'><subfield code='a'>computer</subfield><subfield code='b'>c</subfield></datafield><datafield ind1=' ' ind2=' ' tag='338'><subfield code='a'>online resource</subfield><subfield code='b'>cr</subfield></datafield><datafield ind1=' ' ind2=' ' tag='347'><subfield code='a'>text file</subfield><subfield code='b'>PDF</subfield><subfield code='2'>rda</subfield></datafield><datafield ind1='1' ind2=' ' tag='490'><subfield code='a'>Lecture Notes in Economics and Mathematical Systems,</subfield><subfield code='x'>0075-8442 ;</subfield><subfield code='v'>570</subfield></datafield><datafield ind1=' ' ind2=' ' tag='500'><subfield code='a'>Description based upon print version of record.</subfield></datafield><datafield ind1=' ' ind2=' ' tag='546'><subfield code='a'>English</subfield></datafield><datafield ind1=' ' ind2=' ' tag='504'><subfield code='a'>Includes bibliographical references (p. [151]-159) and indexes.</subfield></datafield><datafield ind1='0' ind2=' ' tag='505'><subfield code='a'>Fiscal Deficit, Fiscal Volatility and Growth: Social Polarization -- Inflation, Composition of Deficit Finance, and Social Polarization -- Social Polarization, Industrialization, and Fiscal Instability -- Economic, Political, and Institutional Determinants of Public Deficits -- Growth, Income Inequality, and Fiscal Volatility: Empirical Evidence.</subfield></datafield><datafield ind1=' ' ind2=' ' tag='520'><subfield code='a'>One of the most striking macroeconomic developments during the last three decades is the rise and persistence of large fiscal deficits in a number of countries. Despite recent major fiscal reforms around the world, many countries suffer from recurrent large fiscal imbalances that often reflect lack of fiscal discipline. Why do some countries have recurrent fiscal deficit or volatility problems, while others do not? What factors are most important in explaining cross-country variation in fiscal outcomes? How are they related to growth or inflation? This book presents new, rigorous, theoretical and empirical studies on these fiscal issues, and highlights social polarization as an essential organizing principle in a political economy approach. Also, it discusses how institutional constraints may favourably affect fiscal dynamics in the presence of social polarization.</subfield></datafield><datafield ind1=' ' ind2='0' tag='650'><subfield code='a'>Fiscal policy.</subfield></datafield><datafield ind1=' ' ind2='0' tag='650'><subfield code='a'>Budget deficits.</subfield></datafield><datafield ind1=' ' ind2='0' tag='650'><subfield code='a'>Polarization (Social sciences)</subfield></datafield><datafield ind1=' ' ind2='4' tag='655'><subfield code='a'>Electronic books.</subfield></datafield><datafield ind1='0' ind2=' ' tag='760'><subfield code='t'>Lecture notes in economics and mathematical systems</subfield><subfield code='w'>(CKB)110978977735565</subfield><subfield code='w'>(DLC)89002472</subfield><subfield code='w'>(OCoLC)1589790</subfield><subfield code='x'>2196-9957</subfield></datafield><datafield ind1=' ' ind2=' ' tag='776'><subfield code='z'>3-540-29640-9</subfield></datafield><datafield ind1=' ' ind2='0' tag='830'><subfield code='a'>Lecture Notes in Economics and Mathematical Systems,</subfield><subfield code='x'>0075-8442 ;</subfield><subfield code='v'>570</subfield></datafield><datafield ind1=' ' ind2=' ' tag='906'><subfield code='a'>BOOK</subfield></datafield><datafield ind1=' ' ind2=' ' tag='ADM'><subfield code='b'>2018-03-30 03:27:29</subfield><subfield code='e'>991000000000232658</subfield><subfield code='d'>NON_SFX</subfield><subfield code='f'>20151204150810.0</subfield><subfield code='a'>2012-02-25 22:04:58</subfield><subfield code='c'>false</subfield></datafield><datafield ind1=' ' ind2=' ' tag='PRT'><subfield code='a'>53366073470003811</subfield><subfield code='b'>https://sandbox01-na.alma.exlibrisgroup.com/view/uresolver/01TULI_INST/openurl?u.ignore_date_coverage=true&amp;rft.mms_id=991036797822603811</subfield><subfield code='e'>Springer Link</subfield><subfield code='9'>Available</subfield><subfield code='c'>SpringerLink Books Complete</subfield><subfield code='h'>611000000000001381</subfield><subfield code='8'>53366073470003811</subfield></datafield></record>