
<record xmlns='http://www.loc.gov/MARC21/slim'><leader>01967cam a2200481 i 4500</leader><controlfield tag='005'>20180201155530.0</controlfield><controlfield tag='008'>170818s2017    mdu      b    001 0 eng  </controlfield><controlfield tag='001'>991036845893703811</controlfield><datafield ind1=' ' ind2=' ' tag='010'><subfield code='a'>  2017036924</subfield></datafield><datafield ind1=' ' ind2=' ' tag='020'><subfield code='a'>9781498545457</subfield><subfield code='q'>hardcover</subfield></datafield><datafield ind1=' ' ind2=' ' tag='020'><subfield code='a'>1498545459</subfield><subfield code='q'>hardcover</subfield></datafield><datafield ind1=' ' ind2=' ' tag='020'><subfield code='a'>9781498545471</subfield><subfield code='q'>paperback</subfield></datafield><datafield ind1=' ' ind2=' ' tag='020'><subfield code='a'>1498545475</subfield><subfield code='q'>paperback</subfield></datafield><datafield ind1=' ' ind2=' ' tag='035'><subfield code='a'>(OCoLC)995273543</subfield></datafield><datafield ind1=' ' ind2=' ' tag='040'><subfield code='a'>DLC</subfield><subfield code='b'>eng</subfield><subfield code='e'>rda</subfield><subfield code='c'>DLC</subfield><subfield code='d'>YDX</subfield><subfield code='d'>BTCTA</subfield><subfield code='d'>BDX</subfield><subfield code='d'>YDX</subfield></datafield><datafield ind1=' ' ind2=' ' tag='042'><subfield code='a'>pcc</subfield></datafield><datafield ind1=' ' ind2=' ' tag='043'><subfield code='a'>n-us---</subfield></datafield><datafield ind1='1' ind2='0' tag='050'><subfield code='a'>JK1726</subfield><subfield code='b'>.H53 2017</subfield></datafield><datafield ind1='0' ind2='0' tag='082'><subfield code='a'>320.973</subfield><subfield code='2'>23</subfield></datafield><datafield ind1='1' ind2=' ' tag='100'><subfield code='a'>Hickson, Mark,</subfield><subfield code='e'>author.</subfield></datafield><datafield ind1='1' ind2='4' tag='245'><subfield code='a'>The political blame game in American democracy /</subfield><subfield code='c'>Mark Hickson III and Larry Powell.</subfield></datafield><datafield ind1=' ' ind2='1' tag='264'><subfield code='a'>Lanham, Maryland :</subfield><subfield code='b'>Lexington Books,</subfield><subfield code='c'>[2017]</subfield></datafield><datafield ind1=' ' ind2=' ' tag='300'><subfield code='a'>vii, 165 pages ;</subfield><subfield code='c'>24 cm.</subfield></datafield><datafield ind1=' ' ind2=' ' tag='336'><subfield code='a'>text</subfield><subfield code='b'>txt</subfield><subfield code='2'>rdacontent</subfield></datafield><datafield ind1=' ' ind2=' ' tag='337'><subfield code='a'>unmediated</subfield><subfield code='b'>n</subfield><subfield code='2'>rdamedia</subfield></datafield><datafield ind1=' ' ind2=' ' tag='338'><subfield code='a'>volume</subfield><subfield code='b'>nc</subfield><subfield code='2'>rdacarrier</subfield></datafield><datafield ind1='1' ind2=' ' tag='490'><subfield code='a'>Lexington Studies in Political Communication</subfield></datafield><datafield ind1=' ' ind2=' ' tag='504'><subfield code='a'>Includes bibliographical references and index.</subfield></datafield><datafield ind1=' ' ind2='0' tag='650'><subfield code='a'>Political culture</subfield><subfield code='z'>United States.</subfield></datafield><datafield ind1=' ' ind2='0' tag='650'><subfield code='a'>Polarization (Social sciences)</subfield><subfield code='x'>Political aspects</subfield><subfield code='z'>United States.</subfield></datafield><datafield ind1=' ' ind2='0' tag='650'><subfield code='a'>Blame</subfield><subfield code='x'>Political aspects</subfield><subfield code='z'>United States.</subfield></datafield><datafield ind1=' ' ind2='0' tag='650'><subfield code='a'>Responsibility</subfield><subfield code='x'>Political aspects</subfield><subfield code='z'>United States.</subfield></datafield><datafield ind1=' ' ind2='0' tag='651'><subfield code='a'>United States</subfield><subfield code='x'>Politics and government</subfield><subfield code='y'>1945-1989.</subfield></datafield><datafield ind1=' ' ind2='0' tag='651'><subfield code='a'>United States</subfield><subfield code='x'>Politics and government</subfield><subfield code='y'>1989-</subfield></datafield><datafield ind1='1' ind2=' ' tag='700'><subfield code='a'>Powell, Larry,</subfield><subfield code='d'>1948-</subfield><subfield code='e'>author.</subfield></datafield><datafield ind1='0' ind2='8' tag='776'><subfield code='i'>Online version:</subfield><subfield code='a'>Hickson, Mark, author.</subfield><subfield code='t'>Political blame game in American democracy</subfield><subfield code='d'>Lanham, Maryland : Lexington Books, 2017</subfield><subfield code='z'>9781498545464</subfield><subfield code='w'>(DLC) 2017039877</subfield></datafield><datafield ind1=' ' ind2='0' tag='830'><subfield code='a'>Lexington studies in political communication.</subfield></datafield><datafield ind1=' ' ind2='1' tag='945'><subfield code='i'>39074026705848</subfield><subfield code='k'>MAIN</subfield><subfield code='l'>stacks</subfield><subfield code='a'>JK1726</subfield><subfield code='b'>.H53 2017</subfield><subfield code='z'>090</subfield></datafield><datafield ind1=' ' ind2=' ' tag='960'><subfield code='k'>MAIN</subfield><subfield code='l'>stacks</subfield></datafield><datafield ind1=' ' ind2=' ' tag='979'><subfield code='a'>(OCoLC)995273543</subfield></datafield><datafield ind1=' ' ind2=' ' tag='980'><subfield code='a'>11-15-17</subfield><subfield code='b'>9000</subfield><subfield code='e'>7245</subfield><subfield code='f'>I20106195</subfield></datafield><datafield ind1=' ' ind2=' ' tag='981'><subfield code='a'>Coutt</subfield><subfield code='b'>ctssa</subfield><subfield code='d'>38548880</subfield><subfield code='e'>SLI</subfield><subfield code='k'>MAIN</subfield><subfield code='l'>stacks</subfield></datafield><datafield ind1=' ' ind2=' ' tag='997'><subfield code='a'>20171129</subfield><subfield code='d'>TEU</subfield><subfield code='c'>COUTTS SR</subfield><subfield code='e'>WCAT</subfield><subfield code='e'>MARCIVE</subfield></datafield><datafield ind1=' ' ind2=' ' tag='ADM'><subfield code='b'>2018-02-01 20:55:30</subfield><subfield code='e'>ocn995273543</subfield><subfield code='d'>MARCIVE</subfield><subfield code='f'>20171221140949.0</subfield><subfield code='a'>2017-11-16 15:42:55</subfield><subfield code='c'>false</subfield></datafield><datafield ind1='0' ind2=' ' tag='HLD'><subfield code='b'>MAIN</subfield><subfield code='c'>stacks</subfield><subfield code='h'>JK1726</subfield><subfield code='i'>.H53 2017</subfield><subfield code='8'>22402822560003811</subfield></datafield><datafield ind1=' ' ind2=' ' tag='ITM'><subfield code='r'>22402822560003811</subfield><subfield code='b'>1</subfield><subfield code='h'>0</subfield><subfield code='g'>stacks</subfield><subfield code='t'>BOOK</subfield><subfield code='9'>39074026705848</subfield><subfield code='e'>stacks</subfield><subfield code='l'>0</subfield><subfield code='8'>23402822550003811</subfield><subfield code='j'>0</subfield><subfield code='a'>0</subfield><subfield code='q'>2017-11-16 15:43:28</subfield><subfield code='i'>JK1726 .H53 2017</subfield><subfield code='d'>MAIN</subfield><subfield code='f'>MAIN</subfield></datafield></record>
</collection>
